2150 3584
334 1010 374 1040 10

337 1369 378 1400 15

338 1732 380 1763 20

341 2095 383 2126 25

398 229 480 267 268
739 237 1015 266 SCRIPTORES
1050 237 1278 266 HISTomAE
1311 237 1487 265 DANICAE
1520 238 1720 266 MlNoREs

398 352 656 398 dimicaret,
690 351 813 404 quod
846 363 1117 392 concessum
1152 355 1229 391 est.
1282 351 1373 392 Rex
1407 355 1557 392 autem
1592 351 1724 391 iussit
1755 351 1875 391 filios
1906 351 2050 392 West-

400 424 514 464 mari
555 424 778 475 recedere,
826 423 982 464 dicens
1023 423 1331 475 incongruum
1372 437 1469 464 esse
1508 423 1651 463 eciam
1685 423 1804 464 male
1835 423 2050 464 meritum

399 497 627 536 aduenam
671 496 726 535 de
766 495 975 548 hospicio
1017 495 1192 548 expelli.
1258 496 1466 550 Cumque
1507 509 1585 535 rex
1624 495 1789 536 iterum
1828 508 1852 535 a
1895 495 2050 548 regina

399 572 606 623 quereret
642 569 696 608 de
738 560 967 621 supplicio
1008 569 1125 621 Grep
1165 567 1429 620 infligendo,
1477 568 1566 619 illa,
1615 566 1762 607 sciens
1805 581 1851 608 se
1890 568 2051 609 eodem

400 628 590 681 crimine
623 654 720 680 esse
752 653 893 692 ream,
940 641 1122 681 veniam
1163 640 1447 693 precabatur.
1511 641 1643 680 Tunc
1674 639 1836 680 Ericus
1874 640 2052 692 adiecit,

401 712 684 753 muliebriter
709 712 868 752 erratis
893 713 1046 765 sepius
1072 712 1403 764 ignoscendum
1432 712 1540 764 fore,
1571 712 1658 752 nisi
1684 712 2053 765 incorrigibilitas

401 789 640 838 sequatur,
687 784 863 836 ignouit
909 789 1061 825 autern
1110 798 1187 825 rex
1226 784 1392 836 regine.
1456 785 1576 824 Dum
1625 788 1778 824 autem
1827 788 2053 836 cenarent,

401 870 531 898 soror
563 857 678 908 regis
712 857 941 898 Gunwara
973 857 1018 897 in
1054 869 1220 908 magna
1261 860 1433 897 cratera
1468 856 1602 896 Erico
1642 860 1800 909 potum
1836 853 2054 907 porrexit,

401 929 532 970 cuius
572 930 778 969 dextram
818 929 956 969 simul
1001 942 1104 970 cum
1147 933 1319 970 cratera
1361 929 1524 969 Ericus
1566 928 1752 981 capiens
1793 925 1992 980 quesiuit
2029 938 2054 965 a

401 1013 517 1054 rege,
557 1002 593 1041 si
625 1001 988 1042 irreuocabiliter
1021 1002 1107 1042 sibi
1140 1003 1312 1042 donare
1344 1001 1491 1053 vellet,
1535 1001 1659 1054 quod
1691 1000 1885 1041 tenebat.
1949 999 2055 1050 Rex,

403 1076 591 1115 credens
624 1078 846 1114 crateram
880 1074 1030 1114 solum
1064 1073 1299 1127 postulari,
1344 1073 1597 1122 annuebat3
1645 1073 1720 1113 sed
1763 1073 1875 1112 dum
1906 1082 2056 1123 recog-

402 1150 609 1187 nosceret
634 1160 679 1186 se
705 1159 878 1187 errasse
898 1146 945 1186 in
973 1147 1205 1198 donando,
1231 1146 1428 1197 grauiter
1446 1150 1603 1186 contra
1623 1145 1810 1186 Ericum
1828 1143 2056 1197 concepit,

403 1218 550 1260 noluit
566 1223 721 1259 tamen
740 1219 933 1260 verbum
953 1232 1087 1259 suum
1108 1222 1293 1271 propter
1311 1218 1596 1258 maiestatem
1614 1217 1786 1270 regiam
1800 1220 2055 1258 retractare.

488 1292 562 1332 Vl.
611 1291 694 1331 Die
726 1295 879 1331 autem
914 1294 1083 1331 statuto
1117 1290 1279 1330 Ericus
1313 1294 1354 1330 et
1386 1290 1457 1330 sui
1485 1303 1591 1330 cum
1619 1290 1735 1343 Grep
1769 1293 1810 1330 et
1843 1288 2058 1329 fratribus

405 1363 501 1404 eius
533 1363 764 1416 congressi
798 1376 873 1404 eos
907 1376 1068 1403 omnes
1102 1362 1388 1413 occiderunt,
1431 1366 1694 1415 preceperat
1726 1362 1848 1402 enim
1880 1374 1973 1414 rex,
2012 1365 2060 1402 vt

406 1436 553 1476 neutri
578 1436 695 1489 parti
721 1436 945 1476 auxilium
972 1435 1175 1475 ferretur.
1212 1435 1350 1487 Igitur
1369 1436 1593 1486 Gotwara,
1620 1434 1780 1475 videns
1804 1434 1923 1475 filios
1951 1447 2058 1475 suos

404 1508 643 1560 interiisse,
668 1508 829 1549 indicit
848 1508 981 1548 Erico
1008 1511 1239 1548 certamen
1264 1507 1514 1547 altercandi
1541 1520 1592 1548 ea
1616 1508 1725 1560 lege,
1754 1510 1813 1560 vt,
1842 1507 1879 1547 si
1897 1507 2058 1547 Ericus

405 1579 618 1631 vinceret,
652 1580 749 1634 ipsa
777 1580 815 1620 ei
841 1584 1052 1633 torquem
1083 1580 1238 1632 magni
1262 1579 1479 1633 ponderis
1503 1580 1643 1632 daret,
1673 1579 1709 1620 si
1735 1583 1888 1620 autem
1913 1579 2060 1621 vince-

406 1656 542 1704 retur,
561 1657 826 1704 moreretur,
840 1653 1118 1706 Acceptante
1133 1652 1268 1693 Erico
1284 1656 1469 1705 pactum
1486 1652 1586 1706 ipsa
1601 1652 1751 1705 primo
1766 1652 2059 1705 loquebatur3

408 1725 485 1765 sed
517 1726 573 1764 ad
607 1725 746 1766 verba
779 1725 875 1766 eius
920 1726 984 1766 sic
1016 1725 1178 1765 Ericus
1218 1724 1467 1777 respondit,
1514 1729 1559 1766 vt
1598 1724 1747 1778 ipsam
1788 1725 2058 1770 obmutaret‚

408 1796 563 1850 sicque
596 1798 836 1851 compulsa
870 1801 935 1838 est
966 1801 1068 1851 post
1099 1801 1294 1838 mortem
1325 1796 1528 1837 filiorum
1555 1797 1699 1838 eciam
1725 1797 1765 1837 ei
1789 1797 2058 1837 thesaurum

408 1869 528 1909 dare.
578 1870 709 1910 Tunc
739 1871 1029 1911 Westmarus
1060 1870 1225 1910 indixit
1257 1869 1295 1910 ei
1329 1874 1559 1910 certamen
1591 1869 1671 1909 tali
1704 1869 1858 1920 modo,
1890 1873 1951 1921 vt,
1983 1869 2063 1924 qui

409 1954 567 1982 eorum
611 1942 880 1992 vinceretur,
928 1942 1019 1983 vita
1053 1941 1330 1995 privaretur,
1372 1954 1426 1983 ac
1458 1942 1621 1983 Ericus
1653 1942 1891 1983 consentit.
1955 1942 2064 1982 Erat

409 2018 560 2054 autem
601 2015 683 2055 iste
721 2015 983 2055 certaminis
1028 2016 1209 2066 modus,
1256 2019 1303 2055 vt
1342 2015 1568 2055 circulum
1609 2015 1664 2055 de
1701 2014 1954 2055 viminibus
1993 2015 2064 2056 vel

410 2085 599 2126 funibus
640 2088 933 2140 complexum
975 2091 1162 2141 vterque
1208 2088 1263 2127 ad
1314 2101 1359 2128 se
1399 2088 1610 2139 traheret,
1657 2087 1896 2140 victusque
1935 2091 2063 2139 esset,

410 2158 479 2198 cui
521 2160 844 2199 extraheretur.
909 2160 1008 2200 Hoc
1050 2161 1189 2200 modo
1231 2164 1409 2200 certans
1450 2159 1611 2200 Ericus
1659 2159 1882 2200 circulum
1920 2160 2064 2200 West-

411 2243 539 2271 maro
583 2231 816 2283 abstraxit,
864 2244 917 2272 ac
956 2233 1069 2285 pede
1110 2233 1423 2273 'Westmarum
1464 2232 1737 2285 propulsum
1782 2231 1887 2271 colli
1927 2231 2065 2272 simul

412 2315 466 2343 ac
505 2303 628 2343 dorsi
672 2303 901 2345 fraccione
941 2304 1172 2345 contriuit.
1233 2305 1364 2345 Tunc
1396 2305 1568 2345 Frotho
1610 2307 1888 2356 prouocatus
1920 2303 2066 2344 voluit

499 2402 533 2436 2.
566 2402 762 2438 recedere
796 2402 866 2437 DV
907 2403 1117 2447 (secedere
1155 2403 1298 2448 Saxo),
1344 2402 1576 2438 concedere
1618 2401 1665 2446 S;
1711 2399 1992 2450 consedere(!)
2021 2402 2065 2437 A.

413 2461 452 2494 et
483 2458 590 2494 male
623 2461 666 2494 A.
755 2461 789 2494 4.
822 2459 1050 2506 infligando
1083 2460 1127 2496 V.
1220 2460 1255 2496 5.
1291 2460 1458 2506 petebat
1489 2460 1533 2495 A.
1627 2459 1661 2495 6.
1694 2459 1843 2495 erratis
1876 2469 1952 2495 om.
1984 2458 2062 2495 AS.

414 2516 608 2562 incorrig.
637 2517 682 2559 D,
714 2516 782 2552 sed
813 2516 854 2552 in
887 2517 960 2552 del.
988 2528 1096 2553 man.
1122 2516 1326 2552 recentior.
1391 2517 1424 2552 7.
1457 2517 1535 2562 ign.
1564 2516 1689 2562 igitur
1719 2515 1756 2551 S.
1826 2527 1897 2551 rex
1924 2526 2000 2552 om.
2020 2516 2064 2552 V.

416 2573 437 2608 8
463 2571 637 2621 (elsqq.)
664 2574 856 2609 crathera
877 2574 990 2609 DAS.
1053 2574 1087 2609 9.
1113 2574 1324 2610 dexteram
1343 2573 1422 2610 VS.
1490 2574 1549 2609 11.
1575 2573 1751 2609 credens
1776 2574 1842 2622 <Az
1875 2570 2067 2619 tendens)

415 2641 509 2665 eum
543 2630 679 2666 solum
713 2631 844 2667 crath.
879 2631 1095 2677 postulare
1127 2631 1204 2667 AS.
1286 2631 1346 2667 12.
1380 2631 1573 2677 concepit
1605 2631 1724 2673 DVA,
1770 2633 1805 2666 el
1842 2629 1974 2666 nescio
2011 2641 2065 2666 cm

414 2687 598 2733 grauiter
630 2688 854 2734 concipere
883 2699 961 2733 pro
993 2697 1164 2734 grauem
1198 2689 1302 2724 iram
1337 2688 1573 2734 concipere,
1617 2687 1802 2733 grauiter
1833 2687 1956 2723 irasci
1988 2686 2068 2723 dici

412 2744 607 2789 potuerit‚·
642 2744 782 2780 malim
818 2746 951 2781 lamen
978 2744 1180 2781 concitari
1204 2746 1333 2792 cepit;
1366 2745 1551 2781 furorem
1578 2745 1770 2790 concepit
1797 2744 1824 2780 S
1855 2742 1919 2792 (ex
1951 2743 2067 2780 inter-

413 2800 643 2850 polatione).
735 2803 900 2837 14—15.
943 2802 1032 2838 frat.
1075 2803 1162 2838 suis
1203 2802 1241 2839 S.
1337 2803 1395 2838 15.
1442 2802 1631 2848 precepit
1677 2801 1715 2837 S.
1805 2805 1943 2837 autem
1989 2800 2066 2837 AS.

421 2858 481 2892 17.
517 2858 709 2894 interisse
728 2859 774 2895 V.
838 2860 1066 2895 certamine
1094 2860 1138 2896 D.
1203 2861 1264 2895 19.
1298 2862 1531 2895 mereretur
1556 2858 1595 2895 S.
1657 2859 1721 2894 20.
1754 2858 1903 2894 Ericus
1935 2858 2066 2903 sicA;

418 2914 566 2950 Ericus
608 2926 684 2951 om.
719 2915 759 2951 S.
851 2917 941 2962 ipsa
975 2916 1204 2952 obmutiret
1235 2917 1278 2952 V.
1371 2916 1434 2952 22.
1466 2916 1584 2951 Tunc
1623 2926 1700 2951 om.
1734 2916 1773 2951 S.
1866 2915 1930 2951 23.
1963 2915 2065 2962 priv.

418 2972 499 3006 vita
534 2973 578 3008 D.
655 2973 868 3009 consensit
900 2973 944 3008 V.
1014 2973 1079 3010 24.
1113 2977 1155 3009 vt
1188 2973 1310 3017 DVS;
1342 2973 1455 3019 quod
1488 2973 1532 3008 A.
1601 2972 1767 3009 24—25.
1800 2975 1838 3008 et
1870 2971 1956 3008 fun.
1990 2971 2065 3008 AS.

420 3028 483 3063 26.
502 3030 567 3064 cui
589 3030 750 3075 scr1'p31'3
776 3029 846 3075 qui
865 3030 978 3066 codd.
1042 3031 1262 3066 Westmari
1282 3031 1325 3066 A.
1377 3031 1440 3066 27.
1459 3030 1638 3065 abtraxit
1657 3029 1737 3066 DV.
1786 3030 1951 3065 27—28.
1970 3029 2065 3065 colli

420 3087 455 3120 e!
486 3087 687 3122 contriuit
718 3097 793 3122 om.
822 3088 864 3122 A.
928 3088 992 3124 28.
1027 3090 1065 3123 et
1097 3088 1210 3123 dorsi
1244 3087 1282 3124 S.
