2150 3584
257 1016 297 1047 10

258 1383 298 1414 15

258 1747 299 1777 20

259 2109 301 2140 25

323 185 377 223 24
664 194 938 223 SCRIPTORES
971 194 1198 223 HISTORIAE
1230 194 1406 223 DANICAE
1438 193 1636 221 MINORES

323 310 523 363 quadam
565 322 687 350 noua
726 309 820 360 lege
858 311 899 348 et
938 307 1143 348 inaudita
1191 308 1247 348 ad
1295 308 1532 358 tributum,
1578 307 1702 360 quod
1745 310 1968 347 nostrates

321 382 544 434 ‘nefgiald'
578 385 759 432 uocant,
806 380 963 432 coegit,
1005 394 1032 420 a
1064 381 1188 421 Iucia
1227 380 1272 420 in
1308 379 1522 420 Fiuniam
1562 379 1743 430 fugatus
1776 379 1968 420 Othinse

324 454 370 494 in
413 453 602 494 ecclesia
636 453 779 493 sancti
811 453 976 493 Albani
1016 453 1229 506 martyris
1267 455 1371 492 ante
1409 452 1550 491 altare
1590 462 1755 503 magna
1799 451 1970 492 confes-

324 527 450 567 sione
497 525 648 566 cordis
695 525 1015 578 martyrizatus
1061 529 1127 565 est
1179 538 1302 565 anno
1357 523 1588 564 dominice
1632 523 1969 564 incarnacionis

326 598 507 649 .M.XC.,
554 611 676 638 anno
711 598 797 639 ,XL
838 598 963 649 regni
1006 597 1088 638 sui.
1153 597 1294 638 Cuius
1326 608 1493 649 corpus
1526 595 1704 648 magnis
1736 595 1970 636 miraculis

323 671 589 722 illustratur,
638 670 843 711 Christus
889 670 935 710 in
968 673 1166 722 martyre
1198 668 1489 720 glorificatur.
1553 667 1668 709 Cum
1702 681 1793 721 quo
1826 667 1970 709 eciam

324 743 503 784 occisus
535 746 601 783 est
632 742 767 782 frater
800 742 910 794 eius,
943 741 1130 782 nomine
1164 741 1449 781 Benedictus.

410 862 484 902 XI.
551 822 973 902 Conuenientibus
1004 859 1138 911 igitur
1169 858 1295 910 regni
1328 857 1603 911 primatibus
1635 858 1852 911 Olauum,
1890 859 1973 899 fra-

323 938 438 974 trem
471 933 581 985 eius,
627 933 672 973 in
713 944 864 985 regem
902 934 1252 984 assumpserunt
1283 932 1635 984 consortemque
1666 931 1814 971 tocius
1846 931 1973 983 regni

330 1006 470 1046 Danie
509 1006 724 1046 fecerunt.
788 1005 839 1045 In
886 1004 1016 1045 cuius
1062 1003 1348 1056 temporibus
1387 1003 1546 1055 ingens
1588 1003 1732 1044 fames
1774 1003 1972 1044 Daniam

327 1092 406 1131 per
447 1092 615 1119 nouem
656 1091 802 1118 annos
849 1076 1058 1130 optinuit,
1106 1079 1155 1115 ut
1186 1075 1263 1115 uix
1303 1075 1361 1115 ab
1400 1075 1569 1116 illicitis
1609 1075 1723 1116 escis
1762 1079 1803 1116 et
1841 1076 1973 1116 inter-

326 1150 458 1191 dictis
498 1164 544 1191 se
579 1149 868 1199 abstinuerit3
917 1150 994 1189 sed
1034 1148 1142 1201 quia
1184 1147 1451 1188 necessitate
1493 1152 1679 1200 cogente
1722 1148 1971 1203 aliquando

325 1225 397 1264 lex
421 1224 643 1275 frangitur
670 1226 712 1263 et
736 1221 1078 1274 transgreditur,
1111 1220 1215 1274 equi
1241 1221 1297 1260 ad
1324 1221 1606 1261 uescendum
1632 1221 1972 1273 occidebantur,

326 1309 462 1337 canes
500 1309 526 1336 a
566 1295 720 1335 multis
763 1294 1124 1335 excoriabantur.
1189 1293 1290 1333 Non
1331 1306 1514 1333 mensas
1552 1293 1747 1333 diuersis
1789 1293 1972 1333 ferculis

325 1369 564 1420 ornabant,
611 1380 694 1408 nec
735 1367 935 1420 aliquem
974 1369 1247 1419 apparatum
1290 1365 1458 1405 habere
1499 1365 1757 1418 cupiebant.
1821 1366 1972 1416 Quam

326 1442 507 1495 plagam
542 1439 816 1480 uenerabilis
835 1439 982 1479 Sveno
1015 1438 1258 1491 episcopus
1293 1438 1443 1478 statim
1478 1442 1581 1491 post
1612 1437 1972 1479 interfectionem

329 1513 495 1554 Kanuti
536 1512 729 1566 predixit
767 1516 1010 1552 uenturam
1053 1515 1107 1562 et,
1155 1514 1204 1550 ut
1249 1510 1495 1563 penitendo
1543 1524 1643 1551 eam
1690 1514 1972 1561 amouerent,

326 1591 514 1640 paterna
553 1584 893 1626 ammonicione
932 1584 1101 1624 multos
1140 1583 1383 1624 consuluit.
1448 1583 1532 1624 Sed
1574 1583 1677 1636 quia
1713 1584 1825 1623 deus
1858 1596 1974 1636 quos

327 1660 423 1700 uult
456 1659 653 1709 indurat,
686 1660 728 1698 et
759 1657 927 1710 quibus
960 1657 1059 1696 uult
1092 1656 1342 1708 miseretur,
1385 1669 1462 1697 cor
1494 1655 1704 1696 omnium
1737 1655 1972 1696 indurauit

327 1736 379 1781 et,
414 1735 464 1771 ut
494 1730 750 1784 predictum
783 1733 861 1781 est,
894 1729 1038 1782 plagis
1070 1729 1330 1780 flagellauit.
1379 1727 1556 1769 Pastori
1581 1732 1732 1768 autem
1761 1728 1974 1768 misertus

327 1805 439 1844 deus
472 1804 529 1843 ab
563 1802 779 1843 omnibus
811 1801 1032 1855 angustijs
1059 1802 1197 1842 huius
1225 1814 1425 1855 nequam
1451 1801 1592 1842 seculi
1619 1813 1723 1841 eum
1749 1800 1973 1841 liberauit.

329 1878 379 1917 In
413 1876 614 1916 secundo
648 1874 769 1915 enim
803 1887 925 1914 anno
957 1874 1083 1926 regni
1116 1874 1267 1926 Olaui,
1314 1886 1406 1914 non
1451 1876 1691 1914 contentus
1723 1873 1974 1914 domestica

328 1949 476 2003 quiete
529 1947 673 1988 actiue
727 1946 818 1986 uite
873 1959 978 1987 cum
1027 1947 1228 1998 Martha,
1289 1947 1366 1987 sed
1421 1946 1565 1986 eciam
1620 1945 1974 1999 contemplatiue

329 2020 663 2074 speculacionis
710 2018 934 2072 particeps
976 2019 1074 2059 fieri
1116 2019 1271 2059 uolens
1310 2031 1415 2059 cum
1459 2018 1616 2069 Maria,
1664 2018 1902 2059 licenciam
1949 2032 1975 2059 a

329 2105 428 2146 rege
469 2097 511 2133 et
554 2092 725 2145 populo
767 2091 901 2144 pecijt
944 2092 1353 2145 lerosolimamque
1399 2091 1523 2131 adire
1571 2091 1815 2144 penitendo
1855 2077 1974 2145 <per>

330 2165 748 2219 peregrinacionem
796 2164 937 2216 elegit.
1019 2164 1105 2204 Sed
1152 2164 1343 2205 ueniens
1389 2165 1446 2204 ad
1479 2164 1713 2218 quandam
1759 2163 1974 2215 insulam,

330 2238 517 2279 nomine
565 2238 741 2288 Rodus,
787 2236 1052 2276 infirmitate
1098 2237 1328 2289 detentus,
1383 2236 1546 2277 uictrix
1592 2236 1747 2276 anima
1795 2235 1975 2277 Christo

419 2412 452 2447 1.
486 2422 595 2446 noua
629 2411 809 2457 quadam
844 2414 883 2446 et
914 2411 1101 2447 inaudita
1135 2410 1221 2457 lege
1255 2411 1293 2447 S.
1356 2412 1389 2447 2.
1424 2411 1627 2456 Fyuniam
1656 2409 1723 2446 OS
1786 2410 1976 2456 Othynso

332 2470 378 2509 S;
411 2469 600 2514 Osyntho
633 2468 680 2504 O.
757 2469 790 2504 4.
824 2469 1104 2504 martirisatus
1136 2469 1183 2504 Ο.
1262 2468 1296 2504 6.
1330 2471 1369 2504 et
1400 2468 1594 2504 Christus
1628 2468 1666 2503 S.
1741 2469 1774 2505 7.
1808 2468 1976 2503 nomine

331 2537 407 2562 om.
442 2525 481 2561 S.

417 2594 521 2640 Cap.
541 2595 610 2629 xl.
674 2595 707 2630 9.
742 2594 782 2629 in
816 2603 989 2640 regnum
1025 2595 1057 2629 H
1127 2596 1438 2640 conpotemque
1469 2593 1612 2630 scribcl.
1647 2594 1723 2630 vid.
1800 2593 1915 2640 regni
1949 2593 1976 2628 S

330 2651 394 2699 (ex
425 2662 524 2687 corr.
558 2650 802 2699 Steplmnii);
849 2660 976 2697 regno
1011 2651 1092 2687 ΚΟ.
1178 2652 1240 2687 11.
1272 2651 1454 2686 obtinuit
1486 2651 1524 2686 S.
1604 2652 1664 2687 12.
1698 2651 1977 2687 abstinuerint

338 2708 600 2754 Wessphalcn,
636 2708 743 2754 quod
764 2708 902 2753 probo.
970 2709 1030 2744 13.
1063 2711 1102 2744 et
1126 2708 1433 2754 transgreditur
1460 2719 1538 2744 om.
1568 2708 1607 2745 S.
1673 2709 1732 2744 17.
1765 2718 1977 2743 ammoue-

333 2769 423 2801 rent
466 2765 546 2801 ΚΟ.
628 2766 687 2801 18.
727 2765 1013 2801 admonitione
1061 2777 1111 2803 m.
1161 2766 1409 2801 adhortatus
1456 2768 1517 2800 est
1557 2765 1585 2801 S
1630 2764 1731 2813 (sine
1769 2764 1891 2801 dubio
1930 2775 1979 2800 ex

331 2824 559 2858 coniectura
579 2821 804 2870 Stephanii)
866 2823 968 2858 deus
988 2823 1079 2868 KO;
1113 2823 1318 2859 Dominus
1337 2822 1363 2857 S
1382 2822 1489 2866 <ilem
1510 2823 1587 2867 21).
1636 2823 1798 2858 18—19.
1826 2822 1928 2857 (leus
1945 2851 1949 2858 .
1969 2851 1974 2858 .

335 2880 566 2924 miseretur,
599 2880 668 2925 cfr.
688 2890 744 2925 (η).
763 2880 816 2915 ad
834 2880 1007 2916 Roman.
1029 2881 1065 2926 9,
1087 2881 1147 2917 18.
1210 2881 1272 2916 20.
1299 2880 1482 2915 Pastoris
1501 2879 1539 2915 S.
1604 2880 1666 2914 24.
1692 2879 1977 2925 speculacioni

334 2937 417 2981 ΚΟ,
449 2948 549 2972 corr.
583 2936 825 2982 Steplmnius
907 2935 1054 2974 uolens
1085 2937 1246 2983 scripsi3
1295 2936 1428 2972 uoluit
1463 2936 1578 2972 Kos.
1656 2937 1719 2973 25.
1756 2935 1976 2971 lherosoli-

333 3005 528 3040 mamque
569 2994 603 3029 Ο
642 2992 897 3041 (-ymamque
940 2992 983 3042 S)
1057 3006 1132 3041 per
1178 2992 1322 3031 addidi
1365 2994 1438 3038 (Ih.
1480 2993 1814 3040 peregrinatione
1862 2992 1977 3028 adire

333 3051 465 3096 elegit,
496 3052 645 3087 omisso
678 3051 914 3097 penitendo,
946 3051 1191 3096 Stephanius
1225 3051 1264 3086 ιἰι
1299 3051 1352 3095 8).
1416 3051 1478 3086 27.
1514 3050 1686 3086 Rhodus
1719 3050 1757 3086 S.
