2150 3584
734 215 822 247 nvo
855 218 1052 247 CARMINA
1086 216 1325 246 fflsroch
1769 205 1845 245 481

291 337 386 374 erat
417 333 578 384 iustus,
611 345 761 384 veraX,
794 336 960 383 castus,

291 406 337 446 in
370 418 462 460 quo
494 405 649 446 nullus
681 404 764 445 fuit
798 404 962 445 fastus:

291 478 486 531 puniuit,
520 477 737 518 contriuit

291 550 548 603 frementes,
582 552 852 603 prementes,

291 622 452 663 viuens
485 621 787 662 laudabiliter.

204 774 251 818 5.
292 774 389 815 Iam
421 773 619 826 recessit,
651 786 739 827 que
765 773 994 826 precessit,

290 850 383 888 tota
416 846 492 887 illa
525 846 689 898 gloria;

291 923 333 960 et
364 919 566 971 accessit,
600 931 687 972 que
719 917 951 970 successit,

1154 331 1311 383 Diligis
1345 330 1599 380 mendacia,

1152 403 1474 456 suhtractaque
1506 402 1654 453 gracia

1151 474 1378 525 sterneris,
1411 474 1650 526 sperneris,

1151 548 1364 601 quateris,
1399 547 1564 599 pateris

1152 620 1350 673 plurima
1383 619 1636 674 dispendia.

1099 764 1110 775 .
1155 734 1277 775 Mille
1310 735 1460 775 modis
1494 733 1707 786 fatigaris,

1153 807 1276 847 mille
1309 811 1415 847 sunt
1447 807 1633 855 insidie3

1152 883 1284 932 terra,
1318 879 1433 919 mari
1467 877 1754 932 expugnaris,

1152 951 1354 1005 Vndique
1386 951 1614 1003 angustie!

1154 1025 1256 1065 Non
1289 1023 1486 1077 quiescis
1518 1023 1673 1077 requie

1153 1109 1300 1150 neque
1334 1100 1464 1136 nocte
1497 1107 1580 1135 nec
1611 1094 1705 1143 die3

1153 1168 1364 1210 hostibus
1396 1168 1605 1218 fortibus,

1153 1241 1334 1293 ictibus,
1368 1240 1593 1281 mortibus

1154 1314 1364 1355 subiaces
1396 1312 1613 1366 quotidie.

291 992 531 1045 multiplex
563 990 760 1031 miseria.

292 1064 458 1105 Procul
490 1077 515 1104 a
550 1062 751 1115 victoria,

291 1148 536 1189 regnorum
570 1135 841 1189 peripsema,

291 1209 482 1261 tumida,
514 1208 712 1260 turbida,

290 1282 481 1336 trepida,
514 1281 738 1335 squalida,

291 1354 466 1408 perfida
498 1367 578 1407 per
609 1353 787 1412 omnia!

1067 1428 1112 1469 8.
1156 1428 1269 1468 Eras
1302 1428 1406 1479 lata,
1440 1427 1722 1480 prolongata,

1154 1500 1402 1541 dominans
1434 1500 1489 1539 ad
1523 1499 1726 1538 Albiam:

1154 1585 1280 1613 nunc
1310 1576 1500 1621 curtata,
1534 1571 1775 1623 ecclipsata

1153 1646 1228 1687 vix
1261 1644 1443 1696 attingis
1477 1643 1695 1684 Eidriam.

1156 1718 1363 1758 Tandem
1399 1717 1499 1758 Slea
1532 1715 1704 1756 fluuius

1156 1790 1262 1831 finis
1293 1790 1379 1830 fuit
1409 1789 1615 1831 Vltimus:

212 1501 258 1544 6.
302 1503 398 1544 Iam
422 1516 514 1544 non
544 1503 717 1555 laudes,
750 1504 829 1543 sed
861 1500 996 1556 (heu!)

755 1575 938 1615 fraudes

292 1652 483 1700 regnant
514 1648 560 1688 in
591 1652 648 1701 te,
682 1647 842 1688 Dacia!

293 1720 379 1761 Sed
398 1733 482 1761 nec
499 1721 669 1773 gaudes
689 1733 836 1774 neque
854 1720 996 1760 audes

294 1804 498 1846 pugnare
530 1806 612 1847 pro
645 1793 804 1847 patria.

293 1934 335 1979 4,
354 1933 389 1970 6.
422 1933 499 1970 fuit
530 1935 582 1980 Α;
614 1938 703 1970 erat
735 1935 783 1970 H.
826 1954 881 1959 —
920 1933 1053 1969 fastus
1075 1947 1119 1963 z
1141 1930 1331 1977 superbia
1363 1933 1400 1966 et
1431 1940 1538 1965 vana
1569 1928 1770 1975 qim-intio.
1805 1948 1858 1952 —

209 1991 244 2027 8.
277 1991 502 2027 frementes
523 1991 780 2037 :frementi
808 1990 949 2037 furore
979 1990 1190 2037 aqitantes.
1237 2009 1290 2014 -—
1337 1990 1589 2035 prementes,
1628 1986 1650 2021 i.
1685 1996 1713 2021 e.
1747 1996 1861 2031 may-

207 2049 332 2092 nates,
365 2049 435 2094 qui
468 2049 612 2095 vulqus
638 2047 934 2095 opprimebant.
967 2042 978 2099 Η
1010 2048 1051 2093 5,
1072 2047 1192 2083 1-2,
1227 2046 1309 2081 iam
1335 2045 1519 2087 recessit,
1552 2054 1633 2090 que
1658 2042 1860 2089 precessit

209 2105 450 2151 ..gloria=
474 2107 557 2142 iam
589 2105 759 2142 euanuit
784 2105 1101 2151 praecedentium
1136 2105 1363 2149 temporum
1385 2132 1390 2138 .
1411 2102 1578 2148 ‚gloria
1612 2121 1667 2125 —
1700 2100 1735 2135 3.
1769 2109 1859 2135 suc-

208 2163 517 2199 cessitzillius
546 2163 689 2210 ylorioe
721 2163 852 2199 locum
884 2161 1108 2208 occupauit.
1137 2182 1192 2186 —
1225 2161 1260 2196 5.
1293 2159 1455 2207 procul,
1486 2159 1568 2195 scil.
1604 2158 1684 2193 iam
1719 2168 1774 2192 es.
1806 2177 1860 2181 ——

209 2220 244 2256 6.
285 2220 522 2266 peripsema
564 2219 622 2269 (in
654 2221 725 2256 ΑΗ
761 2219 907 2255 Groecis
947 2219 1086 2255 litteris
1123 2215 1335 2265 scriptum)
1375 2218 1430 2252 est
1469 2218 1652 2251 nostrum
1696 2213 1861 2256 »Skral),

210 2276 434 2322 Udskud«;
468 2276 707 2313 vocabulum
739 2278 948 2322 sumptum
981 2278 1038 2312 est
1068 2286 1117 2311 ex
1143 2272 1262 2312 Pauli
1292 2285 1350 2320 ep.
1382 2273 1435 2309 ad
1462 2271 1642 2309 Corinth.
1669 2271 1697 2314 I,
1732 2271 1766 2315 4,
1788 2270 1859 2308 13:

209 2336 409 2380 tanquam
443 2338 718 2381 purgamenta
751 2334 878 2370 huius
911 2333 1057 2369 mundi
1089 2332 1187 2368 facti
1215 2342 1374 2375 sumus,
1408 2331 1596 2366 omnium
1624 2329 1861 2376 peripsema

210 2401 344 2437 usque
377 2392 526 2429 adhuc.
559 2413 613 2417 —
646 2393 681 2428 7.
712 2392 872 2428 tumida
907 2391 952 2433 Α,
983 2390 1092 2436 quod
1122 2389 1271 2435 aliquis
1299 2388 1472 2434 fortasse
1503 2385 1686 2432 defendet
1716 2385 1861 2421 collato

209 2448 295 2483 Ioco
324 2459 359 2485 υ.
386 2448 449 2494 19,
469 2449 512 2493 2,·
543 2448 649 2485 mihi
679 2451 814 2484 tamen
845 2448 922 2484 hoc
954 2446 1038 2484 loco
1070 2446 1216 2483 timida
1248 2446 1382 2492 aptius
1415 2444 1580 2480 videtur.
1615 2464 1669 2468 —
1702 2443 1736 2478 9.
1771 2452 1861 2488 per-

210 2505 291 2540 fide
319 2506 364 2550 B,
394 2506 483 2542 sine
511 2505 635 2542 dubio
665 2516 810 2542 errore.
841 2500 852 2557 Η
883 2506 978 2551 6,1.
1010 2504 1157 2540 laudes
1179 2518 1223 2535 z
1248 2503 1422 2545 virtutes,
1461 2500 1618 2537 honesti
1649 2510 1788 2535 mores.
1807 2520 1861 2524 --

211 2562 245 2597 6.
287 2563 438 2608 gracia,
476 2563 556 2599 scil.
599 2563 684 2599 Dei.
731 2584 783 2588 ——
832 2563 867 2598 7.
908 2559 1454 2607 sterneriszproculcaris.
1502 2579 1557 2583 --
1605 2559 1639 2593 8.
1675 2556 1861 2603 quateris

214 2633 259 2650 =
283 2619 452 2657 vexaris.
494 2641 548 2646 —
589 2621 625 2656 9.
660 2620 880 2667 dispendia
902 2633 947 2650 =
970 2619 1136 2655 damna.
1179 2612 1191 2669 ΙΙ
1238 2619 1278 2663 7,
1298 2617 1332 2653 3.
1365 2615 1617 2663 expugnaris
1639 2629 1682 2645 z
1708 2613 1746 2649 vi
1777 2613 1862 2648 Ioco

211 2677 397 2713 moueris.
430 2698 484 2703 —
517 2679 552 2714 4.
585 2677 770 2724 vndique
802 2677 1003 2723 angustie,
1034 2676 1117 2712 scil.
1151 2678 1191 2711 te
1222 2674 1498 2711 circumdant.
1537 2693 1591 2697 —
1631 2673 1664 2707 8.
1698 2670 1862 2714 ictibus,

211 2734 419 2770 mortibus
457 2745 534 2780 pro
571 2735 724 2770 ictibus
765 2734 993 2770 mortiferis
1031 2733 1182 2769 dictum
1234 2732 1398 2767 videtur.
1437 2726 1448 2781 ll
1489 2730 1531 2775 8,
1554 2731 1585 2764 1.
1625 2729 1728 2764 Eras
1767 2727 1862 2767 lata,

210 2791 483 2837 prolongata:
534 2789 623 2840 »(du
656 2789 715 2840 οε)
760 2792 820 2827 dit
865 2790 1074 2827 Omraade
1115 2789 1331 2825 udstrakte
1373 2788 1433 2833 sig
1477 2783 1678 2835 (sor-dum)
1723 2784 1808 2820 vidt
1851 2785 1860 2818 i

212 2847 403 2884 Bredden
434 2857 485 2894 og
504 2849 753 2895 Laengden«.
783 2870 837 2874 —
870 2849 906 2884 2.
938 2848 991 2884 ad
1009 2847 1240 2891 AlbiamA3
1273 2846 1314 2881 in
1332 2845 1493 2881 Albiam
1515 2844 1561 2879 H.
1596 2863 1648 2867 ——-
1683 2842 1717 2877 3.
1751 2851 1862 2876 nunc

211 2903 249 2940 11.
279 2905 303 2941 l.
330 2905 480 2941 deinde
506 2905 738 2952 significare
770 2906 936 2947 videtur,
969 2915 1061 2940 culn
1093 2904 1262 2940 tandem
1293 2898 1556 2950 (»omsider«)
1586 2901 1788 2944 sequatur.
1809 2919 1862 2923 —

212 2962 437 3008 ecclipsata
459 2978 504 2993 Ξ
525 2962 784 3009 defectionem
815 2973 952 3009 passa,
983 2962 1086 2997 sicut
1115 2961 1214 2996 luna
1246 2959 1482 2995 decrescens.
1509 2978 1562 2982 —
1588 2957 1622 2991 3.
1655 2956 1861 3001 attingens

212 3019 407 3055 Eideram
442 3020 487 3062 Β,
534 3019 679 3065 inutili,
731 3021 774 3055 ut
802 3019 962 3065 opinor,
1008 3017 1148 3054 seriboe
1179 3016 1418 3053 coniectura.
1459 3035 1513 3039 -
1561 3014 1595 3048 5.
1629 3013 1719 3048 Slea
1752 3011 1863 3057 apud

211 3077 424 3123 scriptores
453 3078 602 3123 soepius
633 3077 789 3112 flumen
823 3076 882 3112 vel
914 3076 1070 3112 fluuius
1103 3076 1280 3111 vocatur.
