2150 3584
308 1011 348 1042 10

310 1508 349 1538 15

309 1871 351 1902 20

310 2235 351 2265 25

374 227 455 266 316
713 234 988 264 SCRIPTORES
1022 233 1248 262 HISTomAE
1280 232 1462 261 DANICAE.
1482 231 1688 260 ‘MlNORES

373 352 488 392 inter
537 349 790 391 Haraldum
846 352 887 388 et
938 347 1215 400 Ringonem,
1276 347 1494 401 quociens
1550 346 1738 399 aliquod
1794 347 2018 385 secretum

373 424 572 464 inuicem
598 422 885 463 intimabant.
935 421 1039 471 Quo
1072 421 1211 461 semel
1244 420 1289 460 in
1316 420 1518 473 quodam
1549 418 1739 458 flumine
1766 417 2019 469 submerso,

373 497 524 538 Othen
572 495 657 535 sub
705 494 865 534 habitu
911 506 965 534 ac
1011 493 1199 534 nomine
1243 491 1474 532 Brunonis
1521 490 1802 543 legacionem
1850 489 2018 529 malam

373 569 487 609 inter
527 578 652 619 reges
693 566 810 618 fecit,
856 567 971 606 adeo
1011 567 1149 619 quod,
1196 564 1274 619 qui
1314 563 1584 604 amicissimi
1622 563 1815 614 fuerant,
1862 562 2023 602 tierent

373 642 419 682 in
460 645 638 681 tantum
679 639 927 691 discordes,
974 642 1020 679 vt
1059 638 1155 679 sine
1196 638 1315 678 bello
1361 637 1640 677 concordare
1686 649 1779 676 non
1822 637 2019 688 possent.

375 713 660 754 Denunciata
693 715 847 753 autem
879 711 1141 751 adinuicem
1174 709 1421 750 inimicicia
1456 713 1628 762 septem
1661 708 1796 748 annis
1827 720 1881 747 ex
1907 710 2022 747 vtra-

373 800 461 840 que
494 789 619 838 parte
651 798 721 825 res
754 784 913 825 bellice
946 783 1239 837 parabantur.
1303 783 1430 833 Sunt,
1464 781 1543 835 qui
1575 781 1734 822 dicunt
1767 780 2021 820 Haraldum

374 872 466 899 non
509 861 694 911 propter
732 857 935 910 aliquam
974 855 1271 896 inimiciciam
1312 867 1419 895 cum
1453 853 1672 905 Ringone,
1720 856 1882 906 nepote
1925 865 2022 903 suo,

374 932 543 972 bellare
576 929 796 978 voluisse;
839 930 917 969 sed
959 928 1156 969 existens
1189 941 1326 968 senex
1358 930 1400 967 et
1431 926 1607 967 habens
1638 926 1812 967 tedium
1845 925 1900 965 de
1932 923 2023 964 vita

375 1003 537 1044 maluit
569 1003 615 1043 in
646 1002 742 1043 acie
774 1015 915 1056 quam
946 1001 992 1041 in
1026 1001 1140 1042 lecto
1175 999 1291 1041 mori
1324 1012 1377 1040 ac
1408 1012 1487 1052 per
1517 1002 1711 1050 stragem
1738 997 1844 1038 belli
1870 997 2023 1050 plures

376 1075 536 1117 mortis
569 1075 717 1117 socios
750 1074 967 1128 optinere.

849 1248 927 1287 EX
961 1247 1071 1287 LIB.
1104 1246 1224 1286 VIII.
1288 1244 1554 1286 SAXONIS.

463 1358 493 1397 Ι.
568 1322 852 1399 Historiam
900 1353 1020 1405 belli,
1069 1354 1191 1406 quod
1234 1354 1351 1393 inter
1392 1353 1646 1392 Haraldum
1691 1355 1731 1392 et
1771 1351 2024 1403 Ringonem

377 1435 552 1482 gestum
595 1432 673 1480 est,
721 1428 1056 1478 Starkatherus,
1103 1426 1179 1479 qui
1223 1425 1370 1466 eidem
1419 1425 1537 1465 bello
1584 1424 1800 1476 interfuit,
1850 1423 2024 1464 Danico

377 1504 559 1556 eloquio
592 1501 788 1554 digessit.
845 1501 952 1540 Erat
986 1512 1206 1539 numerus
1239 1511 1480 1552 procerum
1514 1502 1555 1538 et
1586 1497 1793 1550 pugilum
1828 1510 1880 1537 ex
1912 1500 2026 1536 vtra-

376 1589 464 1630 que
512 1578 638 1628 parte
685 1573 948 1615 excessiuus
995 1572 1139 1612 valde.
1232 1571 1461 1612 Haraldus
1516 1583 1621 1610 cum.
1671 1569 1812 1610 Danis
1866 1569 2027 1610 habuit

378 1648 554 1699 Slauos‚
600 1647 755 1699 Liuos,
803 1646 1019 1697 Saxones,
1067 1645 1211 1685 multa
1243 1643 1392 1694 milia;
1439 1642 1601 1684 habuit
1632 1641 1775 1683 eciam
1813 1642 2024 1693 Hetham‚

377 1720 658 1761 bellatricem
706 1719 951 1771 virginem,
1012 1731 1118 1759 cum
1172 1716 1328 1757 multis
1383 1715 1480 1757 eius
1535 1715 1791 1765 sodalibus,
1854 1728 1877 1754 a
1935 1728 2024 1768 qua

379 1793 603 1846 Hethaeby
635 1796 701 1833 est
732 1792 863 1832 dicta.
926 1790 1070 1844 Ringo
1104 1790 1265 1831 habuit
1298 1790 1492 1840 SwecOS,
1535 1788 1722 1840 Gothos,
1768 1786 1952 1828 Guticos
1985 1790 2026 1827 et

380 1865 570 1907 Noricos
611 1869 759 1919 preter
796 1864 910 1904 alias
950 1867 1116 1916 gentes.
1181 1863 1302 1903 Dum
1341 1861 1478 1913 igitur
1519 1860 1741 1902 exercitus
1787 1859 1834 1900 in
1871 1860 2025 1900 locum

378 1950 528 1991 pugne
560 1938 679 1979 circa
707 1937 905 1978 Werend
939 1936 1277 1987 conuenissent,
1310 1946 1499 1986 surgens
1534 1934 1763 1974 Haraldus
1795 1933 1885 1973 alta
1916 1944 2027 1972 voce

377 2011 604 2051 animauit
634 2023 756 2062 suos,
788 2009 1047 2061 ostendens,
1079 2021 1219 2063 quam
1253 2008 1419 2048 iniuste
1456 2007 1542 2047 sibi
1569 2006 1713 2058 Ringo
1740 2006 2025 2059 rependeret3

379 2097 485 2124 narn
526 2084 584 2124 ab
616 2083 716 2136 ipso
749 2096 827 2123 rex
858 2082 1005 2122 factus
1037 2094 1130 2122 non
1163 2081 1313 2121 solum
1347 2084 1502 2132 gratus
1534 2078 1621 2118 sibi
1653 2092 1746 2119 non
1779 2081 1908 2127 esset,
1948 2078 2025 2118 sed

379 2156 522 2197 eciam
556 2155 642 2196 sibi
674 2155 766 2196 iam
800 2155 896 2195 seni
929 2158 969 2194 et
1001 2153 1249 2195 cecucienti
1275 2153 1449 2193 bellum
1474 2151 1670 2201 inferret,
1704 2164 1796 2192 non
1822 2151 2027 2191 recolens

379 2229 524 2270 eciam
572 2228 809 2269 vinculum
857 2227 1086 2278 naturale,
1142 2239 1194 2266 eo
1249 2226 1372 2279 quod
1425 2225 1686 2266 auunculus
1740 2237 1850 2264 suus
1897 2227 2025 2265 esset.

382 2301 642 2342 Meminisse
699 2300 843 2341 eciam
900 2299 1019 2340 Dani
1073 2299 1308 2351 deberent,
1369 2298 1493 2352 quod
1556 2296 1786 2337 victoriosi
1832 2309 2028 2359 ’semper

466 2412 500 2447 3.
533 2413 571 2446 et
605 2411 774 2446 nomine
803 2410 841 2446 S.
904 2411 938 2445 4.
971 2409 1076 2445 adeo
1100 2409 1215 2456 quod
1241 2409 1314 2455 qui
1339 2408 1393 2452 A;
1425 2407 1529 2443 adeo
1563 2409 1605 2442 vt
1636 2407 1708 2453 qui
1736 2406 1785 2451 S;
1817 2406 1922 2442 adeo
1954 2406 2025 2452 qui

381 2469 461 2504 DV.
524 2469 557 2504 5.
585 2467 837 2504 concordari
864 2465 1088 2513 Lanyebelc.
1150 2468 1326 2512 possunt
1347 2466 1379 2501 A
1403 2463 1454 2514 (et
1478 2462 1550 2512 Sl).
1614 2464 1648 2500 6.
1675 2467 1812 2499 autem
1840 2474 1917 2499 om.
1945 2463 2026 2500 DV.

381 2527 416 2564 8.
444 2526 613 2571 riggone
632 2526 713 2560 DV.
776 2525 810 2561 9.
838 2524 1024 2560 noluisse
1041 2524 1085 2559 V.
1148 2522 1248 2559 exrss
1274 2521 1312 2571 (i.
1331 2534 1359 2558 e.
1378 2521 1575 2567 existens)
1598 2521 1727 2565 codd.;
1757 2521 1898 2557 exiens
1923 2520 2028 2556 male

380 2581 605 2628 Lanyebelc.
672 2583 732 2617 10.
765 2593 891 2628 quam
925 2582 1032 2617 lecto
1062 2581 1100 2617 S.
1166 2581 1225 2616 12.
1260 2580 1425 2616 Nullam
1453 2579 1519 2614 hic
1546 2578 1848 2624 inscriptionem
1879 2576 2029 2613 habent

380 2640 491 2676 codd.
506 2653 516 2683 ,·
561 2640 629 2675 sed
669 2639 829 2675 initium
864 2641 1021 2674 tantum
1055 2638 1154 2674 noui
1183 2638 1325 2684 capitis
1358 2635 1562 2672 rubricata
1595 2636 1724 2672 littera
1760 2636 1791 2671 H
1825 2635 2024 2681 siynatur.

386 2698 444 2732 13.
479 2695 762 2744 Hi(Hy)storia
796 2696 911 2731 DVS.
982 2702 1193 2742 riggonem
1230 2696 1275 2730 D.
1344 2695 1403 2730 16.
1440 2694 1581 2729 Danos
1616 2693 1659 2728 D.
1726 2693 1785 2728 17.
1819 2692 1955 2728 Liwos
1988 2691 2026 2727 S.

383 2755 518 2790 hetam
553 2754 592 2789 S.
685 2755 745 2790 18.
779 2753 838 2788 eis
870 2753 958 2792 sod.
994 2754 1038 2789 A.
1135 2754 1194 2789 19.
1235 2752 1421 2797 hethaby
1457 2749 1515 2799 (in
1556 2761 1684 2796 marq.
1727 2746 1944 2796 Sleswich)
1982 2749 2027 2793 ὃς

383 2811 580 2857 hothaeby
613 2811 663 2856 A,
699 2812 871 2846 ceterum
904 2810 1012 2846 lianc
1043 2810 1281 2846 sententiam
1313 2811 1456 2845 auctor
1487 2807 1651 2843 mutatis
1684 2806 1811 2842 verbis
1842 2817 1892 2842 ex
1922 2805 2026 2841 A1z11.

383 2868 526 2914 Ryens.
563 2868 745 2914 sumpsit.
823 2869 978 2904 sweuos
1019 2868 1057 2903 S.
1133 2868 1314 2913 ghothos
1346 2867 1390 2902 A.
1464 2865 1625 2911 guticos
1658 2865 1709 2909 V3
1756 2863 1947 2909 gothicos
1979 2863 2027 2908 S3

381 2926 547 2971 gothios
580 2926 630 2970 D;
676 2925 838 2971 gliticos
871 2925 912 2960 A.
1001 2926 1064 2961 20.
1097 2934 1194 2970 ergo
1228 2924 1303 2959 AS.
1389 2923 1452 2958 21.
1483 2922 1644 2958 werind
1674 2921 1723 2966 S,
1770 2920 1949 2957 vaeraend
1983 2919 2026 2955 A.

383 2983 446 3018 23.
483 2994 576 3018 nam
610 2983 746 3026 codem
793 2982 936 3017 rectius
968 2985 1067 3018 esset
1096 2982 1178 3027 qui.
1270 2981 1349 3016 sibi
1381 2979 1491 3029 (post
1522 2976 1679 3026 gratus)
1709 2989 1786 3014 om.
1824 2978 1894 3013 DV
1925 2975 2025 3025 (non

383 3039 517 3074 solum
551 3040 738 3085 ingratus
771 3039 849 3074 sibi
883 3043 991 3075 esset
1023 3037 1080 3087 A).
1164 3039 1227 3075 24.
1260 3039 1339 3074 iam
1374 3037 1453 3073 sibi
1485 3037 1561 3072 AS.
1654 3035 1870 3071 t'ecucienti
1905 3034 1938 3069 D
1977 3032 2030 3082 (et

384 3096 497 3131 initio
528 3097 585 3143 V).
648 3097 710 3133 26.
744 3096 897 3132 ‹lcbcnt
932 3097 1035 3132 Dani
1069 3096 1143 3131 AS.
1219 3107 1343 3142 quam
1378 3095 1470 3131 vict.
1503 3094 1542 3130 S.
