2150 3584
647 216 906 245 CHRONICON
941 215 1251 244 ROSKILDENSE
1721 203 1767 241 17

127 331 337 373 trucidati
370 334 486 371 sunt.
550 330 724 371 Deinde
757 329 1015 370 Traiectum
1061 328 1282 381 oppidum
1325 327 1551 367 inuadunt
1592 327 1769 367 urbem—

126 418 214 458 que
259 404 357 444 solo
405 407 536 444 tenus
583 405 896 456 prosternunt,
953 401 998 441 in
1056 413 1145 453 qua
1196 400 1409 439 Rabodus
1456 403 1564 439 tunc
1610 399 1772 439 claruit

127 477 382 530 episcopus.
473 475 540 515 Ad
602 475 816 514 ultimum
872 474 1047 514 Renum
1111 475 1367 522 transeunt,
1431 471 1668 511 Coloniam
1733 475 1771 510 et

127 551 350 590 Treueros
403 548 673 599 incendunt,
729 545 1002 600 Aquisgrani
1048 530 1317 599 <palae-iam>
1365 544 1594 584 stabulum
1645 544 1772 596 equis

127 622 221 662 suis
259 621 476 671 fecerunt,
524 620 660 660 urbes
701 632 805 660 cum
847 619 1028 660 ciuibus
1069 602 1366 671 <obruerunt>‚
1415 617 1627 657 mulieres
1666 629 1769 656 cum
1799 619 1817 648 5

126 693 378 734 infantibus
419 692 464 732 in
504 705 579 732 ore
619 691 753 744 gladij
791 691 1148 741 trucidauerunt,
1195 689 1407 730 ecclesias
1448 693 1628 728 sanctas
1668 701 1770 728 cum

128 765 340 806 fidelibus
386 769 464 805 aut
511 765 810 805 incenderunt
863 767 942 803 aut
998 763 1334 803 subuerterunt.
1427 761 1666 812 Maguncia
1715 761 1774 800 ob

128 842 298 879 metum
340 850 498 878 eorum
541 836 784 876 instaurari
828 835 958 888 cepit.
1021 836 1151 875 Tunc
1190 834 1343 874 Fresia
1387 833 1529 874 eciam
1574 846 1597 872 a
1633 832 1774 872 Danis

129 910 405 964 depopulata
438 913 514 950 est.

215 1028 285 1069 IV.
354 988 485 1068 Hec
524 1028 635 1067 dum
675 1029 928 1079 agerentur,
977 1026 1171 1066 Hericus
1211 1038 1285 1065 rex
1326 1024 1568 1064 defunctus
1609 1028 1687 1075 est,
1735 1027 1775 1063 et

128 1102 174 1141 in
206 1112 396 1153 regnum
419 1100 575 1140 Frothi
608 1100 786 1139 leuatus
819 1102 905 1147 est3
939 1111 1076 1152 quem
1100 1097 1236 1148 Unni,
1270 1097 1530 1137 Bremensis
1556 1096 1774 1149 archiepi-

130 1186 311 1226 scopuS,
344 1172 605 1226 baptizauit.
663 1171 894 1224 Extimplo
927 1174 1071 1211 erecte
1104 1174 1210 1210 sunt
1241 1170 1442 1222 ecclesie,
1478 1181 1566 1223 que
1599 1168 1773 1222 pridem

130 1247 354 1286 destructe
401 1248 525 1296 sunt,
583 1243 891 1284 Sleswicensis
948 1247 989 1283 et
1036 1242 1257 1296 Ripensis.
1349 1241 1558 1282 Terciam
1606 1254 1682 1281 rex
1730 1242 1775 1280 in

130 1319 304 1358 honore
357 1321 511 1358 sancte
558 1316 793 1357 Trinitatis
849 1317 972 1369 apud
1028 1316 1224 1355 Arusam
1272 1314 1516 1354 edificauit.
1610 1313 1778 1354 Dicunt

129 1379 339 1444 quidam,
401 1390 523 1443 quod
572 1388 713 1440 Unni,
776 1389 1036 1429 Bremensis
1082 1387 1478 1440 archiepiscopus,
1541 1387 1679 1427 Gorm
1737 1392 1777 1427 et

132 1462 348 1514 Haraldo,
380 1462 459 1516 qui
483 1461 529 1502 in
550 1461 697 1501 Dania
725 1472 851 1513 reges
877 1461 1128 1511 extiterant,
1161 1459 1414 1513 predicaret
1440 1463 1479 1499 et
1505 1459 1777 1500 Christianis

130 1535 333 1588 placatos
378 1534 586 1575 redderet
633 1538 673 1573 et
719 1533 934 1574 ecclesias
979 1533 1058 1573 diu
1106 1533 1332 1585 neglectas
1379 1536 1626 1572 reuocaret.
1691 1532 1777 1572 Iste

131 1608 269 1648 Gorm
311 1610 437 1659 pater
472 1606 659 1646 Haraldi
698 1605 859 1655 extitit;
906 1605 984 1658 qui
1018 1605 1247 1645 Haraldus
1287 1604 1471 1645 uiuente
1512 1608 1637 1657 patre
1671 1605 1775 1645 .XV.

131 1692 277 1720 annos
315 1690 505 1731 regnum
545 1678 830 1731 gubernauit,
876 1682 1059 1719 mortuo
1099 1681 1224 1730 patre
1266 1676 1597 1731 quinquaginta
1631 1690 1777 1717 annos

130 1751 348 1804 regnauit.
413 1751 498 1792 Hic
530 1751 819 1792 Christianus
851 1751 1006 1802 extitit,
1039 1749 1311 1802 cognomine
1346 1750 1505 1789 Blatan
1540 1750 1636 1790 siue
1671 1750 1777 1790 Clac

135 1824 317 1864 Harald.
377 1824 556 1864 Mortuo
592 1824 793 1863 Haraldo
827 1824 957 1864 Swen
990 1823 1193 1877 quidam,
1227 1823 1602 1862 Normannorum
1636 1827 1778 1862 trans—

133 1896 251 1948 fuga,
297 1896 486 1936 collecta
527 1895 818 1936 multitudine
851 1895 1059 1947 Angliam
1101 1895 1285 1946 inuasit,
1332 1906 1482 1946 regem
1524 1895 1775 1934 Aldradum

219 2071 253 2107 2.
295 2070 492 2106 Rabodus
538 2071 701 2117 scripsi3
748 2070 923 2106 Rabodo
969 2069 1072 2106 Kos
1120 2072 1159 2113 (o
1196 2080 1273 2115 pro
1314 2071 1360 2115 9).
1438 2069 1473 2105 3.
1505 2069 1696 2104 Rhenum
1739 2070 1777 2105 S.

135 2129 170 2163 4.
202 2127 409 2174 palacium
442 2138 491 2163 ex
523 2128 679 2164 Adamo
711 2127 863 2172 addidi,
906 2127 996 2163 item
1030 2128 1052 2163 5
1086 2128 1331 2163 obruerunt.
1408 2127 1442 2162 6.
1475 2127 1515 2161 in
1549 2137 1621 2162 ore
1652 2126 1776 2172 gladii

133 2185 281 2230 soepius
313 2185 354 2220 in
391 2184 573 2230 Valyata,
608 2186 714 2221 velat
742 2185 870 2221 Exod.
907 2184 968 2229 17,
991 2184 1049 2220 13.

220 2253 324 2299 Cap.
359 2253 426 2288 1v.
507 2253 566 2289 10.
614 2253 836 2289 defunctus
884 2251 970 2288 est†
1016 2253 1060 2297 S;
1107 2251 1350 2298 stephanius
1397 2252 1438 2287 in
1485 2262 1615 2297 mal-9.
1664 2252 1776 2287 add:

133 2309 244 2346 †A.C.
264 2310 463 2346 DCCCCI.
515 2311 575 2346 12.
595 2310 818 2357 Extymplo
836 2310 891 2355 03
920 2310 1138 2356 Extemplo
1157 2309 1195 2345 S.
1247 2310 1307 2345 14.
1325 2312 1510 2356 arusiam
1531 2309 1564 2344 K
1625 2310 1777 2344 Dicunt

135 2367 324 2414 quidam:
357 2378 439 2403 non
465 2378 634 2413 prorsus
652 2367 705 2402 ita
721 2366 864 2403 Adam.
883 2367 1016 2404 Brem.
1036 2366 1099 2402 lib.
1121 2366 1237 2412 [cap.
1261 2366 1323 2402 61.
1373 2365 1435 2403 16.
1464 2366 1712 2412 predicarat,
1739 2368 1780 2402 ut

136 2424 225 2469 vid„
258 2424 293 2460 Ο
324 2424 406 2468 (sed
435 2424 559 2469 paulo
586 2426 679 2470 post
708 2425 924 2468 redderet).
999 2424 1059 2460 17.
1094 2424 1300 2459 neclectas
1331 2423 1378 2459 Ο.
1452 2425 1511 2459 18.
1545 2423 1699 2459 exstitit
1731 2423 1777 2459 Ο,

139 2482 199 2518 18.
232 2481 471 2528 quindecim
499 2481 538 2517 S.
603 2482 662 2517 19.
697 2480 818 2517 Verba
851 2492 920 2516 sex
950 2490 1123 2526 regnum
1157 2489 1189 2526 g.
1224 2492 1274 2516 m.
1301 2491 1337 2526 p.
1364 2491 1401 2526 q.
1462 2491 1595 2515 annos
1627 2491 1704 2516 om.
1736 2480 1778 2516 K.

140 2539 201 2574 19.
233 2542 399 2574 mortuo
417 2537 616 2584 patre†s‚
649 2538 702 2573 ad
718 2538 826 2584 quod
842 2537 1087 2584 Stephanias
1105 2538 1145 2573 in
1164 2547 1310 2582 ma1·9.:
1342 2536 1778 2573 †A.C.DCCCCXLIX.

137 2595 229 2631 Post
273 2598 439 2631 mortuo
487 2596 528 2631 in
561 2596 595 2632 Ο
642 2595 813 2631 deletam
857 2597 915 2630 est
952 2598 1102 2630 autem.
1193 2594 1413 2637 21—18‚7.
1469 2593 1592 2630 Verba
1639 2594 1779 2629 onmia

139 2653 303 2688 Mortuo
339 2653 522 2688 Haraldo
543 2654 632 2689 ..in
667 2652 795 2688 dubio
829 2655 890 2688 est
922 2653 962 2687 1'11
996 2652 1023 2687 S
1055 2651 1201 2687 deleuit
1230 2651 1485 2697 Stephanias,
1522 2651 1660 2687 addita
1689 2652 1782 2696 post

138 2709 410 2745 Clac—Harald
448 2709 526 2745 hac
555 2712 672 2748 nota:
723 2710 795 2745 His
828 2709 1017 2756 proxime
1048 2709 1352 2755 coniungenda,
1398 2719 1493 2754 quae
1537 2719 1632 2744 mox
1671 2708 1778 2744 infra

138 2770 386 2813 seqvuntur:
439 2767 587 2802 »Gorm
630 2767 948 2802 crudelissimus
990 2766 1073 2802 Rex
1112 2769 1209 2802 ete«
1274 2765 1469 2801 Praeterea
1513 2766 1553 2800 in
1594 2765 1781 2810 margine

138 2823 368 2869 adscripsit:
404 2824 501 2859 Haec
533 2824 639 2860 forte
671 2824 752 2859 hoc
783 2823 876 2859 loco
909 2823 1196 2869 expungenda,
1228 2826 1371 2869 utpote
1404 2822 1506 2858 falsa
1539 2826 1577 2858 et
1602 2823 1780 2857 clirono-

140 2880 290 2926 logiam
323 2881 547 2917 turbantia.
598 2881 779 2917 Ceteram
812 2880 865 2915 ad
883 2880 1049 2916 Mortuo
1070 2879 1278 2915 Haraldo†
1312 2879 1350 2914 in
1385 2890 1515 2925 mary.
1547 2878 1777 2914 addiderat:

140 2937 325 2974 A.C.M.I.
407 2937 471 2975 21.
514 2938 622 2974 Suen
661 2937 708 2982 O,
756 2937 861 2973 Sven
903 2937 943 2980 S,
990 2939 1032 2972 ut
1070 2937 1206 2972 solent.
1297 2936 1463 2972 21—22.
1503 2935 1692 2980 tranfuga
1736 2935 1776 2970 K,

143 2994 204 3029 22.
237 2994 411 3030 aldrads'i
445 2995 479 3030 Ο
514 2995 553 3030 in
587 3004 714 3039 marg.
746 3005 822 3040 pro
854 2994 978 3030 deleto
1018 2994 1057 3029 in
1092 2996 1196 3029 textu
1229 2994 1414 3029 haraldfi.

208 3074 310 3103 Script.
332 3075 396 3097 nist.
418 3075 487 3098 Dan.
510 3075 644 3097 minores.
1555 3061 1573 3090 2

1805 1026 1843 1055 10

1805 1388 1844 1418 15

1804 1753 1846 1784 20
