2150 3584
348 1123 389 1154 10

348 1483 389 1514 15

346 1863 389 1894 20

348 2246 389 2276 25

348 2793 390 2823 30

416 217 494 258 100
754 226 1028 257 SCRIPTORES
1060 225 1287 256 msromAE
1319 226 1497 256 DANicAE
1531 226 1731 256 M1Nomss

1206 340 1263 400 Χ

415 448 523 502 quid
566 449 612 488 in
651 449 739 488 hac
781 448 965 501 optione
1006 448 1119 488 haut
1165 447 1370 500 eligenda
1412 447 1615 488 facturus
1655 447 1725 500 sit,
1771 447 2063 501 indagatione

415 520 648 561 cumulata
694 513 890 560 seniores
936 519 1203 560 sciscitatur.
1292 520 1349 560 Et
1401 520 1512 560 dum
1562 519 1886 561 uniuersorum
1933 534 2063 562 mens

414 596 775 633 consternaretur
798 592 1021 645 angustia,
1054 592 1299 646 cunctique
1324 592 1612 645 indulgerent
1637 592 1830 645 silentio,
1860 593 2063 646 prefatus

414 665 515 705 Vffo
563 666 609 705 in
658 665 807 705 media
855 664 1074 705 concione
1119 677 1237 704 unus
1279 665 1484 705 surrexit.
1548 666 1695 716 Quem
1743 678 1850 706 cum
1897 667 2063 707 cohors

414 738 630 778 uniuersa
669 737 992 790 conspexisset,
1039 736 1148 777 satis
1181 737 1435 791 nequibant
1464 737 1715 790 ammirari,
1763 737 1924 791 utquid
1963 737 2063 778 elin-

414 810 514 863 guis
558 810 682 851 velut
727 795 817 863 <ἰη>
864 808 1115 849 orationem
1155 812 1308 861 gestus
1351 809 1640 860 informaret3
1686 821 1740 849 ac
1780 809 1888 863 quia
1927 822 2064 850 omne

414 896 571 924 rarum
617 882 807 934 dignum
853 880 1067 934 (habetur)
1114 881 1449 934 ammiratione,
1497 881 1707 922 omnium
1748 881 1797 921 in
1843 894 1890 923 se
1935 881 2065 922 duxit

415 954 645 995 intuitum.

718 1012 784 1049 Sic
812 1012 948 1058 fatum
981 997 1106 1066 s<oli0
1139 997 1254 1065 tunc>
1286 1024 1410 1050 orsus
1441 1014 1553 1061 cepit
1583 1014 1634 1050 ab
1667 1014 1770 1050 alto:

420 1115 548 1155 »Non
581 1127 665 1155 nos
697 1113 910 1168 (minucie)
943 1118 1161 1155 moueant
1199 1114 1540 1166 lacescentium,
1587 1127 1692 1155 cum
1733 1127 1786 1155 ea
1816 1113 2062 1155 Teotoniee

416 1187 664 1240 turgiditati
717 1187 875 1228 innata
931 1187 988 1227 sit
1034 1186 1256 1239 conditio,
1317 1191 1368 1227 ut
1421 1187 1671 1228 uerborum
1724 1186 2062 1240 ampullositate

415 1259 663 1311 glorientur
705 1259 1029 1313 minarumque
1069 1260 1340 1300 uentositate
1379 1259 1698 1313 pusillanimes
1738 1263 1780 1300 et
1810 1258 2063 1300 imbecilles

415 1332 607 1372 calleant
654 1332 1048 1372 comminitatione
1095 1335 1399 1373 consternare.
1474 1331 1646 1383 (Memet
1675 1329 1834 1385 ipsum)
1897 1331 2063 1372 etenim

415 1404 605 1444 unicum
637 1408 678 1444 et
711 1417 871 1445 uerum
904 1404 1029 1456 regni
1061 1408 1225 1445 natura
1257 1404 1473 1457 produxit
1498 1404 1728 1456 heredem,
1762 1403 1835 1444 cui
1860 1403 2063 1457 profecto

416 1476 609 1516 nouistis
649 1476 927 1526 incumbere,
972 1480 1022 1516 ut
1052 1462 1165 1531 <me>
1204 1475 1530 1517 monomachie
1562 1474 1816 1516 discrimini
1848 1475 2064 1515 audacter

416 1547 628 1600 obiciam,
676 1553 901 1602 quatenus
943 1550 1016 1589 uel
1047 1562 1130 1602 pro
1162 1560 1300 1602 regno
1334 1549 1459 1589 solus
1492 1547 1781 1589 occumbam.
1841 1548 1899 1588 Vt
1929 1547 2064 1600 igitur

416 1620 646 1660 minarum
681 1625 883 1662 cassetur
913 1622 1248 1675 ampullositas,
1290 1622 1376 1662 hec
1415 1620 1679 1674 imperatori
1711 1620 1908 1661 referant
1939 1633 2064 1660 man-

415 1693 541 1742 data,
600 1697 649 1733 ut
700 1694 989 1747 imperatoris
1044 1694 1166 1735 filius
1221 1698 1263 1735 et
1315 1695 1446 1734 heres
1498 1692 1680 1746 imperii
1733 1705 1839 1733 cum
1894 1693 2062 1733 athleta

415 1765 778 1818 prestantissimo
811 1766 924 1807 mihi
954 1767 1038 1808 soli
1070 1780 1164 1808 non
1197 1766 1444 1808 formident
1475 1778 1751 1806 occurrere«

727 1860 838 1897 Dixit
869 1864 908 1897 et
939 1861 1017 1897 hec
1049 1861 1179 1897 uerba
1212 1860 1387 1897 dictauit
1419 1870 1524 1896 uoce
1555 1859 1749 1906 superba.

417 1948 505 1999 Qui
538 1949 650 1989 dum
680 1949 933 1991 orationem
960 1950 1246 2004 complesset,
1278 1963 1304 1990 a
1328 1948 1666 1991 collateralibus
1691 1948 1842 1989 senior
1866 1948 2062 1989 sciscita-

416 2020 562 2073 batur,
587 2021 828 2062 cuiusnam
856 2022 1016 2063 fuisset
1040 2021 1198 2062 oratio.
1241 2022 1358 2063 Cum
1384 2024 1535 2062 autem
1561 2005 1794 2074 (audisset)
1821 2033 1846 2060 a
1871 2020 2062 2061 circum-

417 2093 656 2145 stantibus,
689 2094 796 2147 quia
828 2094 950 2135 filius
977 2108 1101 2147 suus,
1134 2094 1260 2148 prius
1287 2094 1412 2134 uelut
1437 2097 1606 2146 mutus,
1638 2093 1764 2133 hunc
1788 2092 2063 2146 profudisset

417 2178 690 2217 sermonem,
724 2167 1009 2220 palpandum
1042 2180 1147 2208 eum
1180 2166 1315 2207 iussit
1345 2165 1569 2207 accersiri.
1618 2165 1674 2206 Et
1706 2178 1810 2206 cum
1843 2165 2061 2206 humeros

417 2238 661 2292 lateraque,
708 2239 878 2291 clunes,
926 2252 1058 2280 suras
1104 2243 1146 2280 et
1186 2239 1321 2279 tibias
1363 2242 1601 2292 ceteraque
1647 2238 1853 2278 membra
1902 2239 2060 2280 crebro

417 2310 646 2363 palpasset
698 2311 930 2363 organica:
1000 2311 1205 2352 »Talem«
1266 2311 1328 2351 ait
1380 2323 1475 2351 »me
1522 2310 1811 2350 commemini
1857 2310 1904 2351 in
1951 2311 2061 2352 flore

417 2382 638 2423 exstitisse
684 2383 973 2424 iuuentutis«
1051 2384 1173 2435 Quid
1220 2384 1396 2424 multa‘?
1470 2382 1715 2423 Terminus
1760 2394 1911 2436 pugne
1958 2396 2062 2424 con-

416 2454 616 2494 stituitur
648 2459 689 2494 et
720 2455 861 2507 locus,
907 2456 1076 2510 talique
1117 2468 1338 2509 responso
1378 2459 1590 2509 percepto
1623 2456 1679 2495 ad
1711 2455 1896 2508 propria
1929 2455 2060 2508 legati

417 2527 710 2579 repedabant.

1123 2678 1246 2719 CAP.
1282 2678 1359 2718 III.

533 2746 558 2766 Ἴ

512 2746 753 2834 Superest
808 2782 963 2836 igitur,
1025 2788 1073 2824 ut
1124 2797 1252 2824 arma
1310 2783 1442 2824 militi
1497 2784 1803 2837 proculdubio
1859 2795 2059 2837 congrua

417 2858 722 2905 corrogentur.
786 2855 1034 2909 Allatisque
1074 2856 1274 2908 ensibus,
1321 2869 1437 2911 quos
1475 2856 1523 2896 in
1560 2867 1698 2909 regno
1736 2857 2059 2910 prestantiores

506 2973 538 3006 1.
570 2971 780 3017 opinione.
863 2973 897 3007 2.
931 2973 1082 3009 senior.
1169 2973 1202 3009 3.
1236 2974 1563 3009 constitueretur
1591 2975 1687 3020 (pro
1719 2970 2059 3019 constffnaretur).

419 3029 452 3062 4.
486 3028 737 3063 concionum
778 3030 872 3073 (pro
905 3030 1076 3066 concio&
1103 3032 1203 3075 un9).
1293 3030 1402 3066 5—6.
1435 3030 1582 3076 dignis.
1675 3032 1709 3068 9.
1742 3034 1882 3067 tantus
1915 3041 2057 3076 orsus3

418 3094 574 3119 versum
624 3085 831 3120 leoninum
880 3086 1012 3121 Suelio
1056 3087 1179 3132 finxi!
1225 3097 1319 3122 usus
1367 3086 1505 3133 Vel-qil.
1546 3087 1635 3125 AEn.
1677 3087 1739 3134 XI,
1784 3087 1860 3124 301
1904 3087 1969 3134 (II,
2002 3087 2057 3132 2).
