<?xml version="1.0" encoding="UTF-8"?>
<!DOCTYPE html PUBLIC "-//W3C//DTD XHTML 1.0 Transitional//EN"
    "http://www.w3.org/TR/xhtml1/DTD/xhtml1-transitional.dtd">
<html xmlns="http://www.w3.org/1999/xhtml" xml:lang="en" lang="en">
 <head>
  <title>
</title>
<meta http-equiv="Content-Type" content="text/html;charset=utf-8" />
  <meta name='ocr-system' content='tesseract 3.04.00' />
  <meta name='ocr-capabilities' content='ocr_page ocr_carea ocr_par ocr_line ocrx_word'/>
</head>
<body>
  <div class='ocr_page' id='page_1' title='image "./scriptoresminore112gert_0114.png"; bbox 0 0 2150 3584; ppageno 0'>
   <div class='ocr_carea' id='block_1_1' title="bbox 296 1316 336 1347">
    <p class='ocr_par' dir='ltr' id='par_1_1' title="bbox 296 1316 336 1347">
     <span class='ocr_line' id='line_1_1' title="bbox 296 1316 336 1347; baseline 0.05 -2"><span class='ocrx_word' id='word_1_1' title='bbox 296 1316 336 1347; x_wconf 90' lang='lat'>10</span> 
     </span>
    </p>
   </div>
   <div class='ocr_carea' id='block_1_2' title="bbox 294 1678 334 1708">
    <p class='ocr_par' dir='ltr' id='par_1_2' title="bbox 294 1678 334 1708">
     <span class='ocr_line' id='line_1_2' title="bbox 294 1678 334 1708; baseline 0 0"><span class='ocrx_word' id='word_1_2' title='bbox 294 1678 334 1708; x_wconf 89' lang='lat'>15</span> 
     </span>
    </p>
   </div>
   <div class='ocr_carea' id='block_1_3' title="bbox 292 2040 333 2071">
    <p class='ocr_par' dir='ltr' id='par_1_3' title="bbox 292 2040 333 2071">
     <span class='ocr_line' id='line_1_3' title="bbox 292 2040 333 2071; baseline 0 0"><span class='ocrx_word' id='word_1_3' title='bbox 292 2040 333 2071; x_wconf 89' lang='lat'>20</span> 
     </span>
    </p>
   </div>
   <div class='ocr_carea' id='block_1_4' title="bbox 289 2402 331 2432">
    <p class='ocr_par' dir='ltr' id='par_1_4' title="bbox 289 2402 331 2432">
     <span class='ocr_line' id='line_1_4' title="bbox 289 2402 331 2432; baseline 0 0"><span class='ocrx_word' id='word_1_4' title='bbox 289 2402 331 2432; x_wconf 85' lang='lat'>25</span> 
     </span>
    </p>
   </div>
   <div class='ocr_carea' id='block_1_5' title="bbox 287 2763 329 2795">
    <p class='ocr_par' dir='ltr' id='par_1_5' title="bbox 287 2763 329 2795">
     <span class='ocr_line' id='line_1_5' title="bbox 287 2763 329 2795; baseline 0.024 -1"><span class='ocrx_word' id='word_1_5' title='bbox 287 2763 329 2795; x_wconf 90' lang='grc'>30</span> 
     </span>
    </p>
   </div>
   <div class='ocr_carea' id='block_1_6' title="bbox 371 219 1678 260">
    <p class='ocr_par' dir='ltr' id='par_1_6' title="bbox 371 219 1678 260">
     <span class='ocr_line' id='line_1_6' title="bbox 371 219 1678 260; baseline 0.002 -2"><span class='ocrx_word' id='word_1_6' title='bbox 371 219 451 259; x_wconf 88' lang='grc'>108</span> <span class='ocrx_word' id='word_1_7' title='bbox 707 228 981 258; x_wconf 82' lang='lat' dir='ltr'>SCRIPTORES</span> <span class='ocrx_word' id='word_1_8' title='bbox 1014 228 1240 258; x_wconf 80' lang='lat' dir='ltr'>msromAE</span> <span class='ocrx_word' id='word_1_9' title='bbox 1272 230 1448 259; x_wconf 84' lang='lat' dir='ltr'>DANICAE</span> <span class='ocrx_word' id='word_1_10' title='bbox 1479 231 1678 260; x_wconf 75' lang='lat' dir='ltr'><strong>MINORES</strong></span> 
     </span>
    </p>
   </div>
   <div class='ocr_carea' id='block_1_7' title="bbox 1157 342 1214 402">
    <p class='ocr_par' dir='ltr' id='par_1_7' title="bbox 1157 342 1214 402">
     <span class='ocr_line' id='line_1_7' title="bbox 1157 342 1214 402; baseline 0 0"><span class='ocrx_word' id='word_1_11' title='bbox 1157 342 1214 402; x_wconf 94' lang='lat' dir='ltr'>X</span> 
     </span>
    </p>
   </div>
   <div class='ocr_carea' id='block_1_8' title="bbox 363 448 2010 996">
    <p class='ocr_par' dir='ltr' id='par_1_8' title="bbox 363 448 2010 996">
     <span class='ocr_line' id='line_1_8' title="bbox 366 448 2008 505; baseline 0.002 -16"><span class='ocrx_word' id='word_1_12' title='bbox 366 449 513 490; x_wconf 90' lang='lat' dir='ltr'>filium</span> <span class='ocrx_word' id='word_1_13' title='bbox 554 448 824 502; x_wconf 83' lang='lat' dir='ltr'>procreauit,</span> <span class='ocrx_word' id='word_1_14' title='bbox 871 461 1007 502; x_wconf 87' lang='lat' dir='ltr'>quem</span> <span class='ocrx_word' id='word_1_15' title='bbox 1049 449 1158 490; x_wconf 91' lang='lat' dir='ltr'>Snio</span> <span class='ocrx_word' id='word_1_16' title='bbox 1197 450 1344 491; x_wconf 90' lang='lat' dir='ltr'>uoluit</span> <span class='ocrx_word' id='word_1_17' title='bbox 1389 452 1660 505; x_wconf 90' lang='lat' dir='ltr'>nuncupari.</span> <span class='ocrx_word' id='word_1_18' title='bbox 1724 452 1814 503; x_wconf 84' lang='lat' dir='ltr'>Qui</span> <span class='ocrx_word' id='word_1_19' title='bbox 1859 452 2008 493; x_wconf 91' lang='lat' dir='ltr'>filium</span> 
     </span>
     <span class='ocr_line' id='line_1_9' title="bbox 366 521 2009 575; baseline 0.002 -13"><span class='ocrx_word' id='word_1_20' title='bbox 366 523 532 574; x_wconf 86' lang='lat' dir='ltr'>genuit,</span> <span class='ocrx_word' id='word_1_21' title='bbox 580 535 714 575; x_wconf 89' lang='lat' dir='ltr'>quem</span> <span class='ocrx_word' id='word_1_22' title='bbox 751 521 1103 562; x_wconf 80' lang='lat' dir='ltr'>Clacharaldum</span> <span class='ocrx_word' id='word_1_23' title='bbox 1145 522 1406 575; x_wconf 90' lang='lat' dir='ltr'>appellauit.</span> <span class='ocrx_word' id='word_1_24' title='bbox 1471 524 1589 565; x_wconf 85' lang='lat' dir='ltr'><strong>Huic</strong></span> <span class='ocrx_word' id='word_1_25' title='bbox 1628 525 1846 566; x_wconf 88' lang='lat' dir='ltr'>successit</span> <span class='ocrx_word' id='word_1_26' title='bbox 1886 525 2009 565; x_wconf 88' lang='lat' dir='ltr'>filius</span> 
     </span>
     <span class='ocr_line' id='line_1_10' title="bbox 366 593 2009 649; baseline 0.002 -15"><span class='ocrx_word' id='word_1_27' title='bbox 366 598 408 634; x_wconf 93' lang='lat' dir='ltr'>et</span> <span class='ocrx_word' id='word_1_28' title='bbox 437 594 562 646; x_wconf 85' lang='lat' dir='ltr'>regni</span> <span class='ocrx_word' id='word_1_29' title='bbox 595 595 739 640; x_wconf 77' lang='lat' dir='ltr'>heres,</span> <span class='ocrx_word' id='word_1_30' title='bbox 775 594 904 635; x_wconf 67' lang='grc' dir='ltr'><em>θοι-η]</em></span> <span class='ocrx_word' id='word_1_31' title='bbox 934 594 1101 645; x_wconf 74' lang='lat' dir='ltr'>Loghae</span> <span class='ocrx_word' id='word_1_32' title='bbox 1133 593 1158 646; x_wconf 90' lang='lat'>(,</span> <span class='ocrx_word' id='word_1_33' title='bbox 1192 593 1236 633; x_wconf 80' lang='lat' dir='ltr'>id</span> <span class='ocrx_word' id='word_1_34' title='bbox 1262 597 1322 634; x_wconf 78' lang='lat' dir='ltr'>est</span> <span class='ocrx_word' id='word_1_35' title='bbox 1343 595 1481 648; x_wconf 87' lang='lat' dir='ltr'>Deses,</span> <span class='ocrx_word' id='word_1_36' title='bbox 1514 595 1602 649; x_wconf 83' lang='lat' dir='ltr'>qui)</span> <span class='ocrx_word' id='word_1_37' title='bbox 1633 601 1812 637; x_wconf 89' lang='lat' dir='ltr'>tantum</span> <span class='ocrx_word' id='word_1_38' title='bbox 1843 597 2009 638; x_wconf 89' lang='lat' dir='ltr'>delitiis</span> 
     </span>
     <span class='ocr_line' id='line_1_11' title="bbox 365 665 2009 719; baseline 0.002 -12"><span class='ocrx_word' id='word_1_39' title='bbox 365 670 407 707; x_wconf 91' lang='lat' dir='ltr'>et</span> <span class='ocrx_word' id='word_1_40' title='bbox 452 665 650 719; x_wconf 81' lang='lat' dir='ltr'><strong>crapulis</strong></span> <span class='ocrx_word' id='word_1_41' title='bbox 696 666 924 718; x_wconf 89' lang='lat' dir='ltr'>regalibus</span> <span class='ocrx_word' id='word_1_42' title='bbox 970 666 1248 719; x_wconf 81' lang='lat' dir='ltr'>indulgebat.</span> <span class='ocrx_word' id='word_1_43' title='bbox 1340 667 1479 708; x_wconf 84' lang='lat' dir='ltr'>Cuius</span> <span class='ocrx_word' id='word_1_44' title='bbox 1531 682 1647 710; x_wconf 79' lang='lat' dir='ltr'>uxor</span> <span class='ocrx_word' id='word_1_45' title='bbox 1698 669 1886 710; x_wconf 88' lang='lat' dir='ltr'>illustris</span> <span class='ocrx_word' id='word_1_46' title='bbox 1932 670 2009 710; x_wconf 90' lang='lat' dir='ltr'>illa</span> 
     </span>
     <span class='ocr_line' id='line_1_12' title="bbox 365 738 2009 794; baseline 0.002 -15"><span class='ocrx_word' id='word_1_47' title='bbox 365 739 507 779; x_wconf 79' lang='lat' dir='ltr'>extitit</span> <span class='ocrx_word' id='word_1_48' title='bbox 544 738 714 790; x_wconf 88' lang='lat' dir='ltr'>regina,</span> <span class='ocrx_word' id='word_1_49' title='bbox 762 739 894 791; x_wconf 87' lang='lat' dir='ltr'>Tyrae</span> <span class='ocrx_word' id='word_1_50' title='bbox 933 738 1157 791; x_wconf 90' lang='lat' dir='ltr'>uidelicet,</span> <span class='ocrx_word' id='word_1_51' title='bbox 1203 752 1291 793; x_wconf 88' lang='lat' dir='ltr'>que</span> <span class='ocrx_word' id='word_1_52' title='bbox 1335 740 1491 792; x_wconf 81' lang='lat' dir='ltr'>‘Regni</span> <span class='ocrx_word' id='word_1_53' title='bbox 1535 741 1695 783; x_wconf 85' lang='lat' dir='ltr'>Decus&#39;</span> <span class='ocrx_word' id='word_1_54' title='bbox 1743 745 1808 783; x_wconf 90' lang='lat' dir='ltr'>est</span> <span class='ocrx_word' id='word_1_55' title='bbox 1846 753 2009 794; x_wconf 84' lang='lat' dir='ltr'>cogno-</span> 
     </span>
     <span class='ocr_line' id='line_1_13' title="bbox 365 810 2007 862; baseline 0.003 -12"><span class='ocrx_word' id='word_1_56' title='bbox 365 811 549 851; x_wconf 87' lang='lat' dir='ltr'>minata.</span> <span class='ocrx_word' id='word_1_57' title='bbox 641 810 778 851; x_wconf 82' lang='lat' dir='ltr'>Cuius</span> <span class='ocrx_word' id='word_1_58' title='bbox 835 810 1029 862; x_wconf 84' lang='lat' dir='ltr'>gloriose</span> <span class='ocrx_word' id='word_1_59' title='bbox 1075 811 1225 852; x_wconf 88' lang='lat' dir='ltr'>laudis</span> <span class='ocrx_word' id='word_1_60' title='bbox 1271 811 1444 853; x_wconf 88' lang='lat' dir='ltr'>famam</span> <span class='ocrx_word' id='word_1_61' title='bbox 1489 813 1675 854; x_wconf 89' lang='lat' dir='ltr'>reticere</span> <span class='ocrx_word' id='word_1_62' title='bbox 1721 827 1814 855; x_wconf 90' lang='lat' dir='ltr'>non</span> <span class='ocrx_word' id='word_1_63' title='bbox 1862 815 2007 855; x_wconf 88' lang='lat' dir='ltr'>ualeo.</span> 
     </span>
     <span class='ocr_line' id='line_1_14' title="bbox 365 882 2010 939; baseline 0.002 -16"><span class='ocrx_word' id='word_1_64' title='bbox 365 883 520 923; x_wconf 77' lang='lat' dir='ltr'>Solent</span> <span class='ocrx_word' id='word_1_65' title='bbox 565 883 685 923; x_wconf 91' lang='lat' dir='ltr'>enim</span> <span class='ocrx_word' id='word_1_66' title='bbox 733 882 918 924; x_wconf 91' lang='lat' dir='ltr'>illorum</span> <span class='ocrx_word' id='word_1_67' title='bbox 966 887 1088 935; x_wconf 84' lang='lat' dir='ltr'>gesta</span> <span class='ocrx_word' id='word_1_68' title='bbox 1131 884 1370 937; x_wconf 85' lang='lat' dir='ltr'><strong>recenseri,</strong></span> <span class='ocrx_word' id='word_1_69' title='bbox 1417 884 1496 939; x_wconf 89' lang='lat' dir='ltr'>qui</span> <span class='ocrx_word' id='word_1_70' title='bbox 1542 886 1857 939; x_wconf 80' lang='lat' dir='ltr'>prestantioris</span> <span class='ocrx_word' id='word_1_71' title='bbox 1904 890 2010 927; x_wconf 91' lang='lat' dir='ltr'>sunt</span> 
     </span>
     <span class='ocr_line' id='line_1_15' title="bbox 363 956 496 996; baseline 0.008 -1"><span class='ocrx_word' id='word_1_72' title='bbox 363 956 496 996; x_wconf 84' lang='lat' dir='ltr'>farne.</span> 
     </span>
    </p>
   </div>
   <div class='ocr_carea' id='block_1_9' title="bbox 1084 1125 1292 1168">
    <p class='ocr_par' dir='ltr' id='par_1_9' title="bbox 1084 1125 1292 1168">
     <span class='ocr_line' id='line_1_16' title="bbox 1084 1125 1292 1168; baseline 0.005 -1"><span class='ocrx_word' id='word_1_73' title='bbox 1084 1125 1209 1167; x_wconf 90' lang='lat' dir='ltr'>CAP.</span> <span class='ocrx_word' id='word_1_74' title='bbox 1242 1128 1292 1168; x_wconf 90' lang='lat' dir='ltr'>V.</span> 
     </span>
    </p>
   </div>
   <div class='ocr_carea' id='block_1_10' title="bbox 356 1198 2009 2808">
    <p class='ocr_par' dir='ltr' id='par_1_10' title="bbox 360 1198 2009 1999">
     <span class='ocr_line' id='line_1_17' title="bbox 461 1198 2009 1288; baseline 0 -13"><span class='ocrx_word' id='word_1_75' title='bbox 461 1198 586 1275; x_wconf 89' lang='lat' dir='ltr'>Hec</span> <span class='ocrx_word' id='word_1_76' title='bbox 617 1246 730 1285; x_wconf 70' lang='lat' dir='ltr'>erqo,</span> <span class='ocrx_word' id='word_1_77' title='bbox 778 1246 919 1287; x_wconf 87' lang='lat' dir='ltr'>quam</span> <span class='ocrx_word' id='word_1_78' title='bbox 952 1233 1249 1286; x_wconf 84' lang='lat' dir='ltr'>prediximus,</span> <span class='ocrx_word' id='word_1_79' title='bbox 1288 1234 1420 1288; x_wconf 89' lang='lat' dir='ltr'>Tyrae</span> <span class='ocrx_word' id='word_1_80' title='bbox 1451 1235 1536 1275; x_wconf 86' lang='lat' dir='ltr'>fuit</span> <span class='ocrx_word' id='word_1_81' title='bbox 1567 1235 1732 1276; x_wconf 91' lang='lat' dir='ltr'>mulier</span> <span class='ocrx_word' id='word_1_82' title='bbox 1762 1234 1890 1276; x_wconf 91' lang='lat' dir='ltr'>omni</span> <span class='ocrx_word' id='word_1_83' title='bbox 1921 1234 2009 1275; x_wconf 90' lang='lat' dir='ltr'>uir-</span> 
     </span>
     <span class='ocr_line' id='line_1_18' title="bbox 362 1304 2005 1359; baseline 0.001 -14"><span class='ocrx_word' id='word_1_84' title='bbox 362 1309 456 1346; x_wconf 89' lang='lat' dir='ltr'>tute</span> <span class='ocrx_word' id='word_1_85' title='bbox 488 1305 750 1359; x_wconf 92' lang='lat' dir='ltr'>conspicua,</span> <span class='ocrx_word' id='word_1_86' title='bbox 791 1318 931 1359; x_wconf 91' lang='lat' dir='ltr'>quam</span> <span class='ocrx_word' id='word_1_87' title='bbox 967 1304 1291 1347; x_wconf 83' lang='lat' dir='ltr'>innumerabili</span> <span class='ocrx_word' id='word_1_88' title='bbox 1323 1307 1426 1348; x_wconf 94' lang='lat' dir='ltr'>dote</span> <span class='ocrx_word' id='word_1_89' title='bbox 1459 1307 1630 1348; x_wconf 89' lang='lat' dir='ltr'>studuit</span> <span class='ocrx_word' id='word_1_90' title='bbox 1663 1312 1826 1348; x_wconf 88' lang='lat' dir='ltr'>natura</span> <span class='ocrx_word' id='word_1_91' title='bbox 1859 1307 2005 1348; x_wconf 90' lang='lat' dir='ltr'>beare.</span> 
     </span>
     <span class='ocr_line' id='line_1_19' title="bbox 364 1378 2007 1430; baseline 0.001 -12"><span class='ocrx_word' id='word_1_92' title='bbox 364 1378 481 1418; x_wconf 88' lang='lat' dir='ltr'>Nam</span> <span class='ocrx_word' id='word_1_93' title='bbox 529 1382 571 1419; x_wconf 93' lang='lat' dir='ltr'>et</span> <span class='ocrx_word' id='word_1_94' title='bbox 615 1378 796 1418; x_wconf 92' lang='lat' dir='ltr'>uultum</span> <span class='ocrx_word' id='word_1_95' title='bbox 843 1379 980 1419; x_wconf 92' lang='lat' dir='ltr'>decor</span> <span class='ocrx_word' id='word_1_96' title='bbox 1021 1378 1329 1419; x_wconf 80' lang='lat' dir='ltr'>ammirandus</span> <span class='ocrx_word' id='word_1_97' title='bbox 1367 1380 1640 1430; x_wconf 79' lang='lat' dir='ltr'>honestabat,</span> <span class='ocrx_word' id='word_1_98' title='bbox 1689 1384 1730 1420; x_wconf 92' lang='lat' dir='ltr'>et</span> <span class='ocrx_word' id='word_1_99' title='bbox 1767 1392 1870 1420; x_wconf 86' lang='lat' dir='ltr'>rosa</span> <span class='ocrx_word' id='word_1_100' title='bbox 1911 1379 2007 1420; x_wconf 91' lang='lat' dir='ltr'>lilio</span> 
     </span>
     <span class='ocr_line' id='line_1_20' title="bbox 362 1436 2007 1506; baseline 0.001 -16"><span class='ocrx_word' id='word_1_101' title='bbox 362 1450 573 1490; x_wconf 90' lang='lat' dir='ltr'>maritata</span> <span class='ocrx_word' id='word_1_102' title='bbox 625 1464 910 1504; x_wconf 90' lang='lat' dir='ltr'>purpureum</span> <span class='ocrx_word' id='word_1_103' title='bbox 962 1450 1088 1503; x_wconf 91' lang='lat' dir='ltr'>genis</span> <span class='ocrx_word' id='word_1_104' title='bbox 1141 1451 1342 1492; x_wconf 91' lang='lat' dir='ltr'>colorem</span> <span class='ocrx_word' id='word_1_105' title='bbox 1389 1452 1665 1506; x_wconf 72' lang='lat' dir='ltr'>inpinxerat,</span> <span class='ocrx_word' id='word_1_106' title='bbox 1727 1437 1848 1506; x_wconf 85' lang='lat' dir='ltr'>&lt;item</span> <span class='ocrx_word' id='word_1_107' title='bbox 1895 1436 2007 1505; x_wconf 79' lang='lat' dir='ltr'>erat&gt;</span> 
     </span>
     <span class='ocr_line' id='line_1_21' title="bbox 362 1523 2005 1578; baseline 0.001 -15"><span class='ocrx_word' id='word_1_108' title='bbox 362 1526 498 1575; x_wconf 87' lang='lat' dir='ltr'>casta,</span> <span class='ocrx_word' id='word_1_109' title='bbox 545 1523 725 1576; x_wconf 90' lang='lat' dir='ltr'>pudica,</span> <span class='ocrx_word' id='word_1_110' title='bbox 768 1523 925 1576; x_wconf 85' lang='lat' dir='ltr'>faceta,</span> <span class='ocrx_word' id='word_1_111' title='bbox 973 1523 1192 1578; x_wconf 88' lang='lat' dir='ltr'>omnique</span> <span class='ocrx_word' id='word_1_112' title='bbox 1224 1524 1481 1565; x_wconf 86' lang='lat' dir='ltr'>urbanitate</span> <span class='ocrx_word' id='word_1_113' title='bbox 1512 1525 1674 1565; x_wconf 86' lang='lat' dir='ltr'>referta</span> <span class='ocrx_word' id='word_1_114' title='bbox 1704 1523 2005 1565; x_wconf 88' lang='lat' dir='ltr'>redundabat.</span> 
     </span>
     <span class='ocr_line' id='line_1_22' title="bbox 362 1583 2006 1652; baseline 0.001 -17"><span class='ocrx_word' id='word_1_115' title='bbox 362 1598 498 1636; x_wconf 91' lang='lat' dir='ltr'>Porro</span> <span class='ocrx_word' id='word_1_116' title='bbox 538 1600 663 1636; x_wconf 90' lang='lat' dir='ltr'>tanto</span> <span class='ocrx_word' id='word_1_117' title='bbox 706 1595 993 1649; x_wconf 90' lang='lat' dir='ltr'>prouidentie</span> <span class='ocrx_word' id='word_1_118' title='bbox 1025 1596 1199 1649; x_wconf 84' lang='lat' dir='ltr'>fulgore</span> <span class='ocrx_word' id='word_1_119' title='bbox 1231 1583 1342 1652; x_wconf 73' lang='lat' dir='ltr'>(dei)</span> <span class='ocrx_word' id='word_1_120' title='bbox 1374 1597 1515 1650; x_wconf 89' lang='lat' dir='ltr'>gratia</span> <span class='ocrx_word' id='word_1_121' title='bbox 1547 1601 1748 1638; x_wconf 90' lang='lat' dir='ltr'>mentem</span> <span class='ocrx_word' id='word_1_122' title='bbox 1781 1596 1878 1637; x_wconf 87' lang='lat' dir='ltr'>eius</span> <span class='ocrx_word' id='word_1_123' title='bbox 1907 1595 2006 1636; x_wconf 93' lang='lat' dir='ltr'>illu-</span> 
     </span>
     <span class='ocr_line' id='line_1_23' title="bbox 362 1668 2006 1723; baseline 0.001 -15"><span class='ocrx_word' id='word_1_124' title='bbox 362 1672 596 1721; x_wconf 88' lang='lat' dir='ltr'>strauerat,</span> <span class='ocrx_word' id='word_1_125' title='bbox 635 1673 684 1709; x_wconf 94' lang='lat' dir='ltr'>ut</span> <span class='ocrx_word' id='word_1_126' title='bbox 717 1668 919 1709; x_wconf 89' lang='lat' dir='ltr'>Nestoris</span> <span class='ocrx_word' id='word_1_127' title='bbox 951 1669 1257 1723; x_wconf 84' lang='lat' dir='ltr'>prudentiam,</span> <span class='ocrx_word' id='word_1_128' title='bbox 1297 1670 1440 1711; x_wconf 79' lang='lat' dir='ltr'>Vlixis</span> <span class='ocrx_word' id='word_1_129' title='bbox 1471 1670 1702 1723; x_wconf 89' lang='lat' dir='ltr'>astutiam,</span> <span class='ocrx_word' id='word_1_130' title='bbox 1746 1668 2006 1710; x_wconf 91' lang='lat' dir='ltr'>Salomonis</span> 
     </span>
     <span class='ocr_line' id='line_1_24' title="bbox 362 1740 2006 1795; baseline 0 -14"><span class='ocrx_word' id='word_1_131' title='bbox 362 1740 633 1794; x_wconf 89' lang='lat' dir='ltr'>sapientiam</span> <span class='ocrx_word' id='word_1_132' title='bbox 666 1754 758 1782; x_wconf 89' lang='lat' dir='ltr'>uno</span> <span class='ocrx_word' id='word_1_133' title='bbox 792 1741 915 1782; x_wconf 85' lang='lat' dir='ltr'>fonte</span> <span class='ocrx_word' id='word_1_134' title='bbox 947 1742 1156 1783; x_wconf 92' lang='lat' dir='ltr'>hausisse</span> <span class='ocrx_word' id='word_1_135' title='bbox 1188 1744 1456 1784; x_wconf 82' lang='lat' dir='ltr'>crederetur.</span> <span class='ocrx_word' id='word_1_136' title='bbox 1519 1743 1637 1783; x_wconf 88' lang='lat' dir='ltr'>Nam</span> <span class='ocrx_word' id='word_1_137' title='bbox 1670 1745 1724 1795; x_wconf 90' lang='lat' dir='ltr'>et,</span> <span class='ocrx_word' id='word_1_138' title='bbox 1758 1741 1796 1782; x_wconf 92' lang='lat' dir='ltr'>si</span> <span class='ocrx_word' id='word_1_139' title='bbox 1826 1745 2006 1782; x_wconf 89' lang='lat' dir='ltr'>tantum</span> 
     </span>
     <span class='ocr_line' id='line_1_25' title="bbox 361 1813 2006 1869; baseline 0.001 -16"><span class='ocrx_word' id='word_1_140' title='bbox 361 1813 483 1854; x_wconf 89' lang='lat' dir='ltr'>fonte</span> <span class='ocrx_word' id='word_1_141' title='bbox 515 1813 803 1867; x_wconf 88' lang='lat' dir='ltr'>baptismatis</span> <span class='ocrx_word' id='word_1_142' title='bbox 836 1814 991 1855; x_wconf 90' lang='lat' dir='ltr'>abluta</span> <span class='ocrx_word' id='word_1_143' title='bbox 1023 1814 1194 1867; x_wconf 88' lang='lat' dir='ltr'>fuisset,</span> <span class='ocrx_word' id='word_1_144' title='bbox 1226 1818 1345 1856; x_wconf 88' lang='lat' dir='ltr'>recte</span> <span class='ocrx_word' id='word_1_145' title='bbox 1373 1816 1527 1868; x_wconf 91' lang='lat' dir='ltr'>regina</span> <span class='ocrx_word' id='word_1_146' title='bbox 1547 1815 1679 1868; x_wconf 87' lang='lat' dir='ltr'>Saba,</span> <span class='ocrx_word' id='word_1_147' title='bbox 1711 1827 1799 1869; x_wconf 90' lang='lat' dir='ltr'>que</span> <span class='ocrx_word' id='word_1_148' title='bbox 1832 1813 2006 1868; x_wconf 92' lang='lat' dir='ltr'>sapien-</span> 
     </span>
     <span class='ocr_line' id='line_1_26' title="bbox 360 1886 2004 1939; baseline 0 -13"><span class='ocrx_word' id='word_1_149' title='bbox 360 1886 471 1926; x_wconf 89' lang='lat' dir='ltr'>tiam</span> <span class='ocrx_word' id='word_1_150' title='bbox 510 1886 667 1927; x_wconf 87' lang='lat' dir='ltr'>rimari</span> <span class='ocrx_word' id='word_1_151' title='bbox 709 1890 897 1927; x_wconf 91' lang='lat' dir='ltr'>uenerat</span> <span class='ocrx_word' id='word_1_152' title='bbox 936 1887 1211 1939; x_wconf 86' lang='lat' dir='ltr'>Solomonis,</span> <span class='ocrx_word' id='word_1_153' title='bbox 1258 1888 1368 1928; x_wconf 81' lang='lat' dir='ltr'>dum</span> <span class='ocrx_word' id='word_1_154' title='bbox 1411 1887 1483 1928; x_wconf 91' lang='lat' dir='ltr'>illa</span> <span class='ocrx_word' id='word_1_155' title='bbox 1531 1888 1689 1928; x_wconf 86' lang='lat' dir='ltr'>fuisset</span> <span class='ocrx_word' id='word_1_156' title='bbox 1735 1887 2004 1938; x_wconf 83' lang='lat' dir='ltr'>orthodoxa,</span> 
     </span>
     <span class='ocr_line' id='line_1_27' title="bbox 362 1959 630 1999; baseline 0 0"><span class='ocrx_word' id='word_1_157' title='bbox 362 1959 630 1999; x_wconf 86' lang='lat' dir='ltr'>crederetur.</span> 
     </span>
    </p>

    <p class='ocr_par' dir='ltr' id='par_1_11' title="bbox 356 2030 2006 2808">
     <span class='ocr_line' id='line_1_28' title="bbox 446 2030 2006 2087; baseline 0.001 -16"><span class='ocrx_word' id='word_1_158' title='bbox 446 2031 753 2084; x_wconf 89' lang='lat' dir='ltr'>Temporibus</span> <span class='ocrx_word' id='word_1_159' title='bbox 799 2031 887 2072; x_wconf 91' lang='lat' dir='ltr'>illis</span> <span class='ocrx_word' id='word_1_160' title='bbox 935 2032 1041 2074; x_wconf 91' lang='lat' dir='ltr'>Otto</span> <span class='ocrx_word' id='word_1_161' title='bbox 1088 2033 1337 2087; x_wconf 89' lang='lat' dir='ltr'>imperator</span> <span class='ocrx_word' id='word_1_162' title='bbox 1381 2032 1561 2073; x_wconf 89' lang='lat' dir='ltr'>Datiam</span> <span class='ocrx_word' id='word_1_163' title='bbox 1619 2030 1795 2073; x_wconf 89' lang='lat' dir='ltr'>sibimet</span> <span class='ocrx_word' id='word_1_164' title='bbox 1839 2031 2006 2073; x_wconf 88' lang='lat' dir='ltr'>fecerat</span> 
     </span>
     <span class='ocr_line' id='line_1_29' title="bbox 359 2104 2004 2158; baseline 0.001 -15"><span class='ocrx_word' id='word_1_165' title='bbox 359 2104 647 2144; x_wconf 89' lang='lat' dir='ltr'>tributariam</span> <span class='ocrx_word' id='word_1_166' title='bbox 688 2108 871 2157; x_wconf 90' lang='lat' dir='ltr'>propter</span> <span class='ocrx_word' id='word_1_167' title='bbox 910 2104 1041 2157; x_wconf 87' lang='lat' dir='ltr'>regis,</span> <span class='ocrx_word' id='word_1_168' title='bbox 1089 2109 1138 2145; x_wconf 92' lang='lat' dir='ltr'>ut</span> <span class='ocrx_word' id='word_1_169' title='bbox 1177 2105 1387 2158; x_wconf 79' lang='lat' dir='ltr'>arbitror,</span> <span class='ocrx_word' id='word_1_170' title='bbox 1433 2104 1673 2157; x_wconf 89' lang='lat' dir='ltr'>desidiam,</span> <span class='ocrx_word' id='word_1_171' title='bbox 1719 2117 1856 2158; x_wconf 91' lang='lat' dir='ltr'>quem</span> <span class='ocrx_word' id='word_1_172' title='bbox 1902 2104 2004 2156; x_wconf 90' lang='lat' dir='ltr'>gule</span> 
     </span>
     <span class='ocr_line' id='line_1_30' title="bbox 360 2174 2004 2230; baseline 0.001 -15"><span class='ocrx_word' id='word_1_173' title='bbox 360 2189 497 2229; x_wconf 91' lang='lat' dir='ltr'>supra</span> <span class='ocrx_word' id='word_1_174' title='bbox 530 2176 827 2217; x_wconf 88' lang='lat' dir='ltr'>meminimus</span> <span class='ocrx_word' id='word_1_175' title='bbox 859 2174 1045 2230; x_wconf 76' lang='lat' dir='ltr'>(tantum</span> <span class='ocrx_word' id='word_1_176' title='bbox 1079 2178 1220 2230; x_wconf 78' lang='lat' dir='ltr'>atque)</span> <span class='ocrx_word' id='word_1_177' title='bbox 1253 2177 1418 2218; x_wconf 90' lang='lat' dir='ltr'>delitiis</span> <span class='ocrx_word' id='word_1_178' title='bbox 1447 2177 1681 2218; x_wconf 87' lang='lat' dir='ltr'>inseruire.</span> <span class='ocrx_word' id='word_1_179' title='bbox 1731 2177 1867 2227; x_wconf 85' lang='lat' dir='ltr'>Quod</span> <span class='ocrx_word' id='word_1_180' title='bbox 1891 2177 2004 2217; x_wconf 90' lang='lat' dir='ltr'>dum</span> 
     </span>
     <span class='ocr_line' id='line_1_31' title="bbox 359 2248 2003 2302; baseline 0.001 -14"><span class='ocrx_word' id='word_1_181' title='bbox 359 2248 668 2301; x_wconf 88' lang='lat' dir='ltr'>comperisset,</span> <span class='ocrx_word' id='word_1_182' title='bbox 716 2248 930 2289; x_wconf 90' lang='lat' dir='ltr'>insolenti</span> <span class='ocrx_word' id='word_1_183' title='bbox 973 2249 1123 2290; x_wconf 88' lang='lat' dir='ltr'>animo</span> <span class='ocrx_word' id='word_1_184' title='bbox 1163 2254 1291 2291; x_wconf 81' lang='lat' dir='ltr'>atrox</span> <span class='ocrx_word' id='word_1_185' title='bbox 1323 2249 1563 2291; x_wconf 90' lang='lat' dir='ltr'>incanduit</span> <span class='ocrx_word' id='word_1_186' title='bbox 1593 2249 1804 2302; x_wconf 90' lang='lat' dir='ltr'>auiditas,</span> <span class='ocrx_word' id='word_1_187' title='bbox 1854 2253 1900 2289; x_wconf 94' lang='lat' dir='ltr'>ut</span> <span class='ocrx_word' id='word_1_188' title='bbox 1939 2249 2003 2289; x_wconf 91' lang='lat' dir='ltr'>in-</span> 
     </span>
     <span class='ocr_line' id='line_1_32' title="bbox 358 2320 2003 2375; baseline 0.001 -16"><span class='ocrx_word' id='word_1_189' title='bbox 358 2320 494 2360; x_wconf 88' lang='lat' dir='ltr'>famie</span> <span class='ocrx_word' id='word_1_190' title='bbox 541 2320 786 2361; x_wconf 88' lang='lat' dir='ltr'>discrimen</span> <span class='ocrx_word' id='word_1_191' title='bbox 832 2333 972 2374; x_wconf 88' lang='lat' dir='ltr'>regno</span> <span class='ocrx_word' id='word_1_192' title='bbox 1020 2326 1262 2363; x_wconf 89' lang='lat' dir='ltr'>conaretur</span> <span class='ocrx_word' id='word_1_193' title='bbox 1309 2322 1519 2375; x_wconf 86' lang='lat' dir='ltr'>irrogare.</span> <span class='ocrx_word' id='word_1_194' title='bbox 1612 2321 1794 2375; x_wconf 85' lang='lat' dir='ltr'>Quippe</span> <span class='ocrx_word' id='word_1_195' title='bbox 1848 2334 2003 2374; x_wconf 92' lang='lat' dir='ltr'>supra-</span> 
     </span>
     <span class='ocr_line' id='line_1_33' title="bbox 358 2393 2000 2448; baseline 0.001 -16"><span class='ocrx_word' id='word_1_196' title='bbox 358 2396 608 2433; x_wconf 79' lang='lat' dir='ltr'>memorate</span> <span class='ocrx_word' id='word_1_197' title='bbox 654 2394 805 2445; x_wconf 88' lang='lat' dir='ltr'>regine</span> <span class='ocrx_word' id='word_1_198' title='bbox 851 2394 1119 2447; x_wconf 88' lang='lat' dir='ltr'>pudicitiam</span> <span class='ocrx_word' id='word_1_199' title='bbox 1166 2395 1489 2448; x_wconf 84' lang='lat' dir='ltr'>pertemptauit</span> <span class='ocrx_word' id='word_1_200' title='bbox 1542 2394 1766 2435; x_wconf 90' lang='lat' dir='ltr'>illecebris</span> <span class='ocrx_word' id='word_1_201' title='bbox 1814 2393 2000 2434; x_wconf 90' lang='lat' dir='ltr'>irretire.</span> 
     </span>
     <span class='ocr_line' id='line_1_34' title="bbox 359 2464 2003 2521; baseline 0.002 -17"><span class='ocrx_word' id='word_1_202' title='bbox 359 2464 509 2505; x_wconf 90' lang='lat' dir='ltr'>Missis</span> <span class='ocrx_word' id='word_1_203' title='bbox 535 2465 686 2518; x_wconf 89' lang='lat' dir='ltr'>itaque</span> <span class='ocrx_word' id='word_1_204' title='bbox 712 2466 881 2518; x_wconf 89' lang='lat' dir='ltr'>legatis,</span> <span class='ocrx_word' id='word_1_205' title='bbox 914 2467 993 2520; x_wconf 86' lang='lat' dir='ltr'>qui</span> <span class='ocrx_word' id='word_1_206' title='bbox 1025 2467 1111 2508; x_wconf 88' lang='lat' dir='ltr'>sub</span> <span class='ocrx_word' id='word_1_207' title='bbox 1143 2467 1291 2521; x_wconf 90' lang='lat' dir='ltr'>specie</span> <span class='ocrx_word' id='word_1_208' title='bbox 1324 2480 1511 2508; x_wconf 88' lang='lat' dir='ltr'>censum</span> <span class='ocrx_word' id='word_1_209' title='bbox 1547 2466 1788 2519; x_wconf 88' lang='lat' dir='ltr'>colligendi</span> <span class='ocrx_word' id='word_1_210' title='bbox 1819 2466 1866 2507; x_wconf 90' lang='lat' dir='ltr'>in</span> <span class='ocrx_word' id='word_1_211' title='bbox 1898 2478 2003 2507; x_wconf 86' lang='lat' dir='ltr'>con-</span> 
     </span>
     <span class='ocr_line' id='line_1_35' title="bbox 358 2536 2002 2592; baseline 0.002 -16"><span class='ocrx_word' id='word_1_212' title='bbox 358 2536 477 2577; x_wconf 92' lang='lat' dir='ltr'>claui</span> <span class='ocrx_word' id='word_1_213' title='bbox 516 2537 718 2589; x_wconf 88' lang='lat' dir='ltr'>reginam</span> <span class='ocrx_word' id='word_1_214' title='bbox 762 2539 1053 2592; x_wconf 86' lang='lat' dir='ltr'>conueniant,</span> <span class='ocrx_word' id='word_1_215' title='bbox 1099 2539 1213 2580; x_wconf 92' lang='lat' dir='ltr'>iussi</span> <span class='ocrx_word' id='word_1_216' title='bbox 1256 2543 1362 2580; x_wconf 92' lang='lat' dir='ltr'>sunt</span> <span class='ocrx_word' id='word_1_217' title='bbox 1402 2539 1539 2580; x_wconf 86' lang='lat' dir='ltr'>etiam</span> <span class='ocrx_word' id='word_1_218' title='bbox 1570 2539 1723 2591; x_wconf 91' lang='lat' dir='ltr'>regine</span> <span class='ocrx_word' id='word_1_219' title='bbox 1755 2549 2002 2592; x_wconf 83' lang='lat' dir='ltr'>suggerere,</span> 
     </span>
     <span class='ocr_line' id='line_1_36' title="bbox 357 2610 2001 2666; baseline 0.001 -17"><span class='ocrx_word' id='word_1_220' title='bbox 357 2614 583 2663; x_wconf 87' lang='lat' dir='ltr'>quatenus</span> <span class='ocrx_word' id='word_1_221' title='bbox 637 2623 738 2650; x_wconf 90' lang='lat' dir='ltr'>eam</span> <span class='ocrx_word' id='word_1_222' title='bbox 794 2611 852 2651; x_wconf 93' lang='lat' dir='ltr'>ob</span> <span class='ocrx_word' id='word_1_223' title='bbox 909 2612 1125 2652; x_wconf 83' lang='lat' dir='ltr'>eximiam</span> <span class='ocrx_word' id='word_1_224' title='bbox 1179 2612 1481 2666; x_wconf 88' lang='lat' dir='ltr'>speciositatis</span> <span class='ocrx_word' id='word_1_225' title='bbox 1527 2612 1725 2652; x_wconf 88' lang='lat' dir='ltr'>formam</span> <span class='ocrx_word' id='word_1_226' title='bbox 1772 2615 1814 2652; x_wconf 91' lang='lat' dir='ltr'>et</span> <span class='ocrx_word' id='word_1_227' title='bbox 1858 2610 2001 2651; x_wconf 90' lang='lat' dir='ltr'>animi</span> 
     </span>
     <span class='ocr_line' id='line_1_37' title="bbox 356 2681 2001 2738; baseline 0.001 -17"><span class='ocrx_word' id='word_1_228' title='bbox 356 2681 647 2735; x_wconf 80' lang='lat' dir='ltr'>prudentiam</span> <span class='ocrx_word' id='word_1_229' title='bbox 681 2683 889 2723; x_wconf 91' lang='lat' dir='ltr'>Romano</span> <span class='ocrx_word' id='word_1_230' title='bbox 915 2684 1073 2725; x_wconf 88' lang='lat' dir='ltr'>deceat</span> <span class='ocrx_word' id='word_1_231' title='bbox 1096 2685 1248 2738; x_wconf 90' lang='lat' dir='ltr'>potius</span> <span class='ocrx_word' id='word_1_232' title='bbox 1272 2685 1497 2738; x_wconf 89' lang='lat' dir='ltr'>imperare</span> <span class='ocrx_word' id='word_1_233' title='bbox 1523 2683 1716 2737; x_wconf 90' lang='lat' dir='ltr'>imperio</span> <span class='ocrx_word' id='word_1_234' title='bbox 1743 2687 1784 2723; x_wconf 85' lang='lat' dir='ltr'>et</span> <span class='ocrx_word' id='word_1_235' title='bbox 1807 2683 2001 2737; x_wconf 85' lang='lat' dir='ltr'>impera-</span> 
     </span>
     <span class='ocr_line' id='line_1_38' title="bbox 356 2754 2002 2808; baseline 0.002 -15"><span class='ocrx_word' id='word_1_236' title='bbox 356 2754 512 2795; x_wconf 88' lang='lat' dir='ltr'>tricem</span> <span class='ocrx_word' id='word_1_237' title='bbox 554 2754 742 2794; x_wconf 83' lang='lat' dir='ltr'>existere</span> <span class='ocrx_word' id='word_1_238' title='bbox 782 2768 922 2808; x_wconf 88' lang='lat' dir='ltr'>quam</span> <span class='ocrx_word' id='word_1_239' title='bbox 964 2757 1037 2796; x_wconf 93' lang='lat' dir='ltr'>uel</span> <span class='ocrx_word' id='word_1_240' title='bbox 1075 2757 1363 2798; x_wconf 87' lang='lat' dir='ltr'>tributariam</span> <span class='ocrx_word' id='word_1_241' title='bbox 1406 2756 1479 2797; x_wconf 91' lang='lat' dir='ltr'>uel</span> <span class='ocrx_word' id='word_1_242' title='bbox 1511 2756 1672 2796; x_wconf 84' lang='lat' dir='ltr'>saltem</span> <span class='ocrx_word' id='word_1_243' title='bbox 1704 2755 1875 2796; x_wconf 89' lang='lat' dir='ltr'>modici</span> <span class='ocrx_word' id='word_1_244' title='bbox 1906 2755 2002 2796; x_wconf 86' lang='lat' dir='ltr'>fore</span> 
     </span>
    </p>
   </div>
   <div class='ocr_carea' id='block_1_11' title="bbox 355 2933 2000 3208">
    <p class='ocr_par' dir='ltr' id='par_1_12' title="bbox 355 2933 2000 3208">
     <span class='ocr_line' id='line_1_39' title="bbox 441 2933 1998 2982; baseline 0.001 -14"><span class='ocrx_word' id='word_1_245' title='bbox 441 2934 475 2969; x_wconf 84' lang='lat'>2.</span> <span class='ocrx_word' id='word_1_246' title='bbox 509 2933 773 2968; x_wconf 85' lang='lat' dir='ltr'>dachaldum.</span> <span class='ocrx_word' id='word_1_247' title='bbox 836 2934 870 2969; x_wconf 88' lang='lat'>3.</span> <span class='ocrx_word' id='word_1_248' title='bbox 904 2934 1027 2969; x_wconf 87' lang='lat' dir='ltr'>Bram</span> <span class='ocrx_word' id='word_1_249' title='bbox 1059 2934 1181 2982; x_wconf 85' lang='lat' dir='ltr'>(Fieri</span> <span class='ocrx_word' id='word_1_250' title='bbox 1208 2937 1348 2981; x_wconf 79' lang='lat' dir='ltr'>potest,</span> <span class='ocrx_word' id='word_1_251' title='bbox 1383 2937 1426 2970; x_wconf 80' lang='lat' dir='ltr'>ut</span> <span class='ocrx_word' id='word_1_252' title='bbox 1456 2935 1497 2970; x_wconf 84' lang='lat' dir='ltr'>in</span> <span class='ocrx_word' id='word_1_253' title='bbox 1525 2933 1742 2980; x_wconf 78' lang='lat' dir='ltr'>archetypo</span> <span class='ocrx_word' id='word_1_254' title='bbox 1764 2944 1848 2969; x_wconf 83' lang='lat' dir='ltr'>non</span> <span class='ocrx_word' id='word_1_255' title='bbox 1873 2933 1998 2969; x_wconf 88' lang='lat' dir='ltr'>Gorm</span> 
     </span>
     <span class='ocr_line' id='line_1_40' title="bbox 356 2990 1999 3038; baseline 0.001 -13"><span class='ocrx_word' id='word_1_256' title='bbox 356 2991 517 3025; x_wconf 78' lang='lat' dir='ltr'>vocatus</span> <span class='ocrx_word' id='word_1_257' title='bbox 546 2990 680 3036; x_wconf 77' lang='lat' dir='ltr'>f&#39;uerit,</span> <span class='ocrx_word' id='word_1_258' title='bbox 714 2990 781 3025; x_wconf 78' lang='lat' dir='ltr'>sed</span> <span class='ocrx_word' id='word_1_259' title='bbox 799 2991 938 3035; x_wconf 87' lang='lat' dir='ltr'>Grom,</span> <span class='ocrx_word' id='word_1_260' title='bbox 970 3002 1094 3037; x_wconf 77' lang='lat' dir='ltr'>quam</span> <span class='ocrx_word' id='word_1_261' title='bbox 1126 2992 1306 3028; x_wconf 81' lang='lat' dir='ltr'>nominis</span> <span class='ocrx_word' id='word_1_262' title='bbox 1335 2991 1516 3038; x_wconf 82' lang='lat' dir='ltr'>formam</span> <span class='ocrx_word' id='word_1_263' title='bbox 1549 2992 1669 3027; x_wconf 82' lang='lat' dir='ltr'>etiam</span> <span class='ocrx_word' id='word_1_264' title='bbox 1704 2990 1745 3026; x_wconf 85' lang='lat' dir='ltr'>in</span> <span class='ocrx_word' id='word_1_265' title='bbox 1771 2990 1863 3026; x_wconf 85' lang='lat' dir='ltr'>aliis</span> <span class='ocrx_word' id='word_1_266' title='bbox 1893 2990 1999 3026; x_wconf 86' lang='lat' dir='ltr'>codi-</span> 
     </span>
     <span class='ocr_line' id='line_1_41' title="bbox 355 3043 2000 3096; baseline 0.001 -15"><span class='ocrx_word' id='word_1_267' title='bbox 355 3045 465 3081; x_wconf 82' lang='lat' dir='ltr'>cibus</span> <span class='ocrx_word' id='word_1_268' title='bbox 497 3044 660 3094; x_wconf 84' lang='lat' dir='ltr'>inueni).</span> <span class='ocrx_word' id='word_1_269' title='bbox 724 3047 758 3082; x_wconf 89' lang='grc'>4.</span> <span class='ocrx_word' id='word_1_270' title='bbox 792 3048 826 3082; x_wconf 88' lang='grc'>6.</span> <span class='ocrx_word' id='word_1_271' title='bbox 858 3048 936 3084; x_wconf 89' lang='lat' dir='ltr'>cui.</span> <span class='ocrx_word' id='word_1_272' title='bbox 999 3049 1032 3085; x_wconf 84' lang='lat'>9.</span> <span class='ocrx_word' id='word_1_273' title='bbox 1068 3048 1167 3084; x_wconf 87' lang='lat' dir='ltr'>Haec</span> <span class='ocrx_word' id='word_1_274' title='bbox 1200 3052 1294 3095; x_wconf 87' lang='lat' dir='ltr'>post</span> <span class='ocrx_word' id='word_1_275' title='bbox 1323 3048 1421 3096; x_wconf 77' lang='lat' dir='ltr'>(pro</span> <span class='ocrx_word' id='word_1_276' title='bbox 1446 3043 1482 3096; x_wconf 69' lang='grc' dir='ltr'>Ξ)</span> <span class='ocrx_word' id='word_1_277' title='bbox 1512 3059 1651 3094; x_wconf 86' lang='lat' dir='ltr'>quam.</span> <span class='ocrx_word' id='word_1_278' title='bbox 1714 3048 1775 3084; x_wconf 94' lang='lat'>10.</span> <span class='ocrx_word' id='word_1_279' title='bbox 1809 3058 2000 3083; x_wconf 90' lang='lat' dir='ltr'>numera-</span> 
     </span>
     <span class='ocr_line' id='line_1_42' title="bbox 356 3103 1998 3150; baseline 0.001 -12"><span class='ocrx_word' id='word_1_280' title='bbox 356 3103 437 3138; x_wconf 86' lang='lat' dir='ltr'>bili.</span> <span class='ocrx_word' id='word_1_281' title='bbox 533 3105 591 3139; x_wconf 85' lang='lat'>11.</span> <span class='ocrx_word' id='word_1_282' title='bbox 640 3104 767 3139; x_wconf 83' lang='lat' dir='ltr'>decor</span> <span class='ocrx_word' id='word_1_283' title='bbox 815 3105 1005 3139; x_wconf 80' lang='lat' dir='ltr'>maritata</span> <span class='ocrx_word' id='word_1_284' title='bbox 1053 3105 1228 3141; x_wconf 79' lang='lat' dir='ltr'>extabat.</span> <span class='ocrx_word' id='word_1_285' title='bbox 1336 3117 1430 3141; x_wconf 86' lang='lat' dir='ltr'>rosa</span> <span class='ocrx_word' id='word_1_286' title='bbox 1478 3105 1585 3149; x_wconf 88' lang='lat' dir='ltr'>lilio,</span> <span class='ocrx_word' id='word_1_287' title='bbox 1632 3104 1701 3150; x_wconf 85' lang='lat' dir='ltr'>csr.</span> <span class='ocrx_word' id='word_1_288' title='bbox 1747 3104 1887 3140; x_wconf 84' lang='lat' dir='ltr'>Esdroe</span> <span class='ocrx_word' id='word_1_289' title='bbox 1934 3103 1998 3140; x_wconf 85' lang='lat' dir='ltr'>lib.</span> 
     </span>
     <span class='ocr_line' id='line_1_43' title="bbox 355 3160 1998 3208; baseline 0.001 -14"><span class='ocrx_word' id='word_1_290' title='bbox 355 3160 417 3203; x_wconf 83' lang='lat' dir='ltr'>JV,</span> <span class='ocrx_word' id='word_1_291' title='bbox 452 3160 574 3205; x_wconf 75' lang='grc'><strong><em>2,19.</em></strong></span> <span class='ocrx_word' id='word_1_292' title='bbox 652 3161 712 3196; x_wconf 88' lang='lat'>12.</span> <span class='ocrx_word' id='word_1_293' title='bbox 745 3161 949 3206; x_wconf 82' lang='lat' dir='ltr'>maritata,</span> <span class='ocrx_word' id='word_1_294' title='bbox 981 3161 1049 3207; x_wconf 84' lang='lat' dir='ltr'>cfr.</span> <span class='ocrx_word' id='word_1_295' title='bbox 1084 3161 1224 3198; x_wconf 77' lang='lat' dir='ltr'>Horat.</span> <span class='ocrx_word' id='word_1_296' title='bbox 1258 3161 1383 3208; x_wconf 80' lang='lat' dir='ltr'>Epod.</span> <span class='ocrx_word' id='word_1_297' title='bbox 1418 3163 1453 3208; x_wconf 77' lang='lat'>2,</span> <span class='ocrx_word' id='word_1_298' title='bbox 1478 3163 1535 3198; x_wconf 87' lang='lat'>10.</span> <span class='ocrx_word' id='word_1_299' title='bbox 1609 3162 1670 3198; x_wconf 92' lang='grc'>17.</span> <span class='ocrx_word' id='word_1_300' title='bbox 1705 3161 1846 3207; x_wconf 86' lang='lat' dir='ltr'>regina</span> <span class='ocrx_word' id='word_1_301' title='bbox 1879 3161 1998 3206; x_wconf 87' lang='lat' dir='ltr'>Saba,</span> 
     </span>
    </p>
   </div>
  </div>
 </body>
</html>
