2150 3584
218 991 258 1022 10

219 1354 259 1384 15

216 1715 257 1746 20

218 2078 259 2108 25

285 203 367 244 442
622 213 897 243 SCRIPTORES
929 213 1157 243 His'romAE
1189 213 1366 242 DANicAE
1397 213 1598 244 M1Nom⁴zs

284 328 399 369 vltra
440 327 636 378 Albiam,
684 327 884 368 maxime
923 327 1031 382 quia
1073 327 1120 367 in
1161 327 1381 379 singulari
1428 329 1677 370 certamine
1723 330 1939 371 amiserat

285 400 402 440 duos
434 399 646 440 meliores
678 400 853 453 pugiles
886 400 1079 454 imperij,
1113 412 1229 453 quos
1258 403 1606 452 prostrauerunt
1625 401 1787 443 Sweno
1806 402 1938 443 Stark

286 476 327 513 et
359 472 608 512 Brotherus
641 472 676 512 F
681 472 869 513 risones.

370 544 503 585 Anno
552 546 631 585 .15.
689 544 903 585 transiuit
954 545 1070 585 vltra
1117 544 1319 597 Anniam,
1380 545 1669 599 vastauitque
1723 546 1937 588 incendio

284 620 451 656 terram
492 616 672 657 comitis
714 617 891 658 Hinrici
933 621 975 657 et
1021 616 1108 657 sibi
1147 617 1433 669 subiugauit3
1481 617 1804 673 edificauitque
1846 620 1938 660 duo

285 692 431 729 castra
464 692 621 729 contra
655 689 939 742 Hamborgh,
972 702 1114 744 quam
1147 693 1188 729 et
1220 689 1349 743 cepit.
1400 689 1526 730 Fecit
1557 690 1703 731 eciam
1735 692 1939 732 construi

285 765 487 802 castrum
520 761 864 802 Trafneminnae
897 766 938 803 et
970 766 1172 803 castrum
1206 762 1292 802 Lin
1323 762 1370 802 in
1404 762 1706 804 Thetmercia.

369 834 503 874 Anno
551 835 653 886 .17.,
716 835 983 875 conuocatis
1041 834 1197 875 multis
1258 834 1545 888 principibus
1607 839 1649 876 et
1709 836 1937 890 episcopis

285 905 594 959 omnibusque
629 906 863 947 nobilibus
894 907 1034 959 regni,
1081 907 1185 948 fecit
1229 907 1377 947 filium
1410 919 1547 948 suum
1580 907 1938 961 primogenitum

285 978 634 1019 Waldemarum
669 978 859 1021 Sleswik
890 980 1103 1021 coronari
1134 980 1182 1020 in
1215 991 1378 1032 regem.

370 1051 503 1091 Anno
552 1052 630 1092 .18.
679 1064 785 1091 cum
833 1052 957 1092 mille
1004 1053 1264 1106 quingentis
1311 1052 1457 1104 longis
1503 1052 1704 1094 nauibus
1750 1053 1940 1095 intrauit

286 1122 539 1174 Estoniam,
587 1127 629 1164 et
668 1128 771 1177 post
813 1125 957 1165 multa
990 1125 1108 1166 bella
1141 1138 1241 1166 eam
1274 1125 1443 1166 victam
1475 1126 1533 1165 ad
1567 1125 1802 1167 Christum
1834 1139 1939 1167 con-

287 1195 432 1248 uertit,
466 1195 703 1249 Danisque
736 1196 940 1237 subdidit
970 1210 1114 1251 vsque
1145 1197 1193 1237 in
1225 1201 1484 1251 presentem
1516 1197 1651 1239 diem.
1709 1196 1940 1251 (Videatur

285 1267 642 1308 Additamentum
678 1268 796 1322 infra
825 1268 1016 1322 positum
1045 1283 1088 1323 p.
1121 1269 1243 1322 459).

371 1339 548 1380 Accidit
592 1344 696 1393 post
741 1342 844 1393 hec,
891 1345 939 1382 vt
984 1354 1139 1383 comes
1173 1342 1409 1394 Hinricus‚
1456 1343 1603 1384 iturus
1650 1354 1835 1396 peregre
1880 1345 1938 1384 ad

286 1416 451 1453 terram
486 1416 707 1469 sanctam,
747 1414 1052 1455 committeret
1083 1415 1176 1467 regi
1207 1419 1374 1456 terram
1409 1428 1541 1456 suam
1573 1415 1757 1456 interim
1789 1416 1938 1457 defen-

285 1485 498 1525 dendam.
577 1486 671 1526 Rex
716 1490 870 1527 autem
918 1500 970 1528 eo
1018 1487 1205 1529 absente
1252 1488 1349 1528 eius
1395 1501 1605 1541 onrem,
1666 1492 1713 1529 vt
1760 1488 1939 1541 dicitur,

286 1557 527 1597 carnaliter
573 1558 799 1610 cognouit.
875 1560 1104 1600 Reuersus
1150 1564 1302 1601 autem
1351 1573 1506 1601 comes
1553 1574 1659 1602 cum
1706 1560 1941 1602 didicisset

286 1628 502 1669 iniuriam
550 1630 636 1670 sibi
683 1631 864 1684 factam,
911 1632 1132 1674 insidiose
1179 1633 1297 1686 cepit
1335 1645 1486 1686 regem
1528 1633 1574 1673 in
1616 1634 1780 1687 Lyt1m,
1826 1633 1939 1674 dum

285 1702 503 1742 dormiret
528 1702 575 1742 in
601 1703 717 1744 lecto
742 1717 840 1757 suo,
867 1717 990 1746 anno
1015 1705 1143 1758 regni
1167 1706 1236 1746 sui
1263 1707 1358 1758 ‚22.‚
1392 1719 1445 1747 ac
1469 1706 1617 1747 filium
1645 1706 1741 1747 eius
1759 1706 1940 1747 Walde-

286 1787 468 1815 marum
500 1787 666 1828 regem,
699 1777 944 1831 posuitque
976 1791 1054 1818 eos
1086 1778 1133 1818 in
1166 1782 1314 1819 castro
1334 1778 1527 1829 Swerin3
1560 1778 1637 1819 vbi
1670 1782 1939 1819 manserunt

285 1846 377 1887 fere
416 1860 495 1900 per
534 1848 782 1890 triennium
825 1851 959 1903 capti,
1007 1851 1154 1891 donec
1191 1863 1271 1904 per
1303 1852 1459 1892 Danos
1490 1851 1824 1892 redimerentur
1855 1864 1938 1904 pro

285 1920 372 1959 tha
403 1920 591 1961 milibus
624 1922 792 1963 marcis
824 1922 927 1975 puri
955 1923 1140 1976 argenti.
1193 1924 1278 1965 Sed
1312 1928 1354 1964 et
1385 1924 1489 1978 equi
1523 1928 1565 1964 et
1595 1927 1743 1965 vestes
1776 1927 1819 1964 et
1849 1923 1938 1964 alia

286 1992 509 2046 clenodia,
556 2007 643 2046 que
684 1995 909 2036 dederunt
954 1995 1173 2036 omnibus
1218 1996 1489 2037 melioribus
1531 1996 1727 2038 Saxonie
1772 1995 1821 2036 in
1867 1995 1939 2036 die

287 2065 433 2106 exitus
465 2066 549 2118 sui,
583 2066 736 2107 forsan
769 2081 863 2108 non
897 2069 1051 2109 minus
1078 2069 1304 2110 valebant.
1354 2070 1547 2123 Insuper
1579 2068 1723 2110 coacti
1755 2069 1938 2110 fuerunt

287 2136 437 2178 iurare
479 2152 561 2192 pro
603 2152 649 2180 se
682 2143 723 2180 et
757 2141 851 2181 suis
883 2154 1020 2194 super
1052 2154 1220 2195 corpus
1254 2142 1435 2195 Christi,
1481 2146 1527 2183 vt
1559 2143 1644 2183 hec
1674 2141 1843 2182 iniuria
1876 2140 1940 2182 eis

287 2209 405 2250 facta
442 2224 683 2264 nunquam
715 2212 1037 2254 vindicaretur.
1101 2215 1195 2256 Rex
1226 2218 1379 2255 autem
1412 2215 1470 2255 ad
1502 2226 1695 2267 regnum
1727 2227 1939 2255 reuersus

375 2328 409 2364 1.
451 2329 649 2365 amiserat
694 2330 739 2366 V.
815 2331 850 2366 2.
898 2331 1059 2378 pugiles
1107 2332 1302 2368 meliores
1349 2333 1393 2368 V.
1478 2335 1803 2379 prostrauerunt
1849 2332 1938 2377 OE;

287 2388 577 2430 prostrauerat
616 2387 729 2423 VAS.
809 2389 931 2424 sueno
972 2389 1119 2425 starchi
1159 2390 1206 2425 Ο.
1284 2390 1317 2426 3.
1366 2390 1574 2426 broderus
1619 2389 1703 2435 AS;
1749 2389 1939 2425 brothaer

285 2441 452 2489 ganling
484 2444 590 2480 Αηη.
624 2443 771 2490 Ryens.
849 2447 883 2481 4.
924 2446 1130 2483 incendiis
1162 2448 1215 2492 A3
1263 2458 1340 2483 om.
1381 2447 1459 2483 SO.
1536 2448 1569 2483 6.
1611 2447 1850 2493 hamburgh
1882 2446 1938 2492 03

287 2499 521 2536 hamboreh
568 2501 644 2537 As.
736 2503 768 2538 7.
817 2503 1081 2540 trafneminae
1128 2504 1175 2550 S3
1236 2504 1544 2551 trafnemynnae
1590 2505 1646 2550 Α;
1710 2503 1937 2540 transmuni

284 2554 408 2605 (-ne‘?)
439 2558 486 2601 Ο,
529 2559 600 2594 sed
631 2570 657 2594 u
690 2559 731 2594 in
764 2560 775 2595 i
808 2570 908 2596 corr.
943 2561 1019 2598 vid.
1096 2561 1154 2597 lin
1187 2562 1301 2606 VAS,
1337 2561 1430 2607 fort.
1462 2563 1721 2608 cor1‘uptum3
1768 2571 1845 2597 om.
1879 2561 1937 2607 03

288 2614 384 2656 sum,
417 2618 459 2650 ut
490 2615 581 2660 vid„
618 2617 658 2653 E.
735 2617 983 2654 tethmercia
1015 2618 1061 2661 S;
1102 2619 1350 2655 thetmarcia
1384 2619 1430 2656 Ο.
1500 2620 1535 2655 9.
1567 2618 1852 2665 omnibusque
1883 2618 1937 2663 03

286 2672 482 2708 omnibus
515 2673 629 2710 VAS.
697 2674 757 2710 10.
795 2674 981 2711 sleswich
1013 2676 1096 2722 VS3
1146 2676 1302 2712 sleswic
1332 2676 1380 2721 O,
1412 2678 1449 2712 et
1478 2676 1535 2712 sic
1564 2676 1712 2722 saepius
1744 2675 1937 2712 variatur.

289 2728 350 2765 11.
378 2730 559 2765 nauibus
584 2731 719 2778 longis
738 2731 825 2777 803
857 2732 992 2779 longis
1018 2744 1095 2769 om.
1114 2735 1157 2770 Α.
1223 2734 1284 2770 15.
1310 2737 1405 2780 post
1428 2734 1512 2769 hoc
1527 2733 1604 2770 AS.
1670 2733 1732 2769 17.
1769 2743 1935 2769 vxorem

285 2785 417 2831 ipsius
458 2787 505 2822 Ο.
587 2790 648 2824 18.
694 2789 905 2825 Reuersus
944 2790 1071 2836 igitur
1112 2791 1157 2827 Ο.
1239 2791 1299 2826 19.
1341 2791 1421 2827 sibi
1461 2801 1539 2826 om.
1578 2790 1624 2826 Ο.
1701 2790 1818 2837 lytho
1850 2789 1936 2835 AS;

286 2842 401 2879 letho
448 2844 494 2880 Ο.
575 2845 637 2881 20.
679 2856 753 2881 xx.
793 2846 836 2882 Α.
913 2848 976 2884 21.
1024 2851 1209 2884 castrum
1251 2848 1294 2884 Α.
1375 2850 1530 2894 l'weryn
1571 2848 1624 2892 V3
1673 2847 1804 2883 fuerin
1852 2847 1935 2883 ΑΟ.

286 2899 350 2935 22.
385 2900 470 2936 fere
502 2912 579 2937 om.
609 2902 648 2939 S.
727 2904 835 2949 capti
869 2916 948 2940 om.
976 2905 1023 2941 Ο.
1086 2905 1150 2941 23.
1186 2915 1247 2941 Lx.
1274 2905 1310 2941 Ο
1338 2907 1375 2941 et
1396 2904 1502 2941 Αηη.
1531 2904 1675 2951 Ryens.
1751 2904 1935 2940 marchis

286 2956 378 2999 VO;
424 2968 661 2994 marcarum
696 2960 799 2996 Ann.
833 2961 980 3007 Ryens.
1059 2962 1122 2998 25.
1156 2963 1220 2998 sui
1252 2973 1330 2999 om.
1362 2962 1410 2998 Ο.
1496 2962 1637 2998 forsan
1679 2972 1762 2997 non
1796 2961 1935 2997 minus

286 3013 404 3048 eliam
438 3014 485 3057 Ο,
524 3016 591 3050 sed
621 3019 760 3061 postea
793 3018 869 3054 hoc
901 3019 1025 3055 deleto
1055 3030 1083 3054 s.
1116 3030 1144 3055 s.
1177 3022 1235 3055 est
1263 3020 1306 3055 in
1340 3019 1469 3066 duplo
1502 3019 1608 3066 plus.
1686 3018 1748 3055 26.
1782 3029 1860 3064 pro
1891 3029 1935 3054 se

286 3080 362 3105 om.
382 3072 433 3114 Ag
467 3083 542 3118 pro
575 3085 614 3109 sc
649 3077 686 3110 et
718 3075 805 3111 suis
830 3086 906 3112 om.
935 3075 973 3113 S.
1050 3087 1206 3125 corpus
1231 3077 1392 3114 domini
1419 3075 1465 3113 Ο.
1528 3077 1590 3113 27.
1624 3076 1675 3113 ad
1708 3080 1861 3114 terram
1887 3075 1934 3114 Ο.
