2150 3584
320 185 548 212 winflssmm
582 184 767 213 i-issBA'ris
800 184 1082 212 GENEALOGiA
1119 185 1267 212 REGVM
1306 185 1518 213 mxoavm
1665 175 1744 213 179

899 298 947 356 E

181 393 235 447 (1)
286 394 575 434 Haraldus.
628 394 714 434 Hic
745 398 1048 446 cognomento
1084 394 1402 443 Blachtent,
1437 394 1479 433 id
1514 398 1579 433 est
1605 395 1743 433 ‘Dens

98 452 277 492 liuidus'
308 451 380 491 uel
403 452 567 503 ‘niger'.
616 451 720 502 Qui,
753 455 942 504 quartus
969 455 1069 503 post
1088 451 1453 497 Guermundum,
1487 464 1539 491 ex
1565 462 1742 504 pagano

97 508 372 550 christianus
419 513 483 548 est
531 508 730 560 effectus,
779 508 855 548 sed
898 508 1187 561 apostatauit.
1261 509 1361 558 Qua
1412 521 1463 548 ex
1513 522 1557 547 re
1604 519 1743 559 regno

99 566 255 619 pulsus
280 566 336 605 ad
356 565 558 615 Sclauos,
593 570 700 605 tunc
725 576 942 618 paganOS,
974 564 1177 617 confugit
1205 570 1247 604 et
1279 565 1448 605 crebris
1483 565 1743 605 incursibus

96 634 284 674 regnum
320 623 557 663 Danorum
591 622 843 669 infestauitg
876 623 953 662 sed
987 635 1079 663 non
1113 623 1352 675 preualuit.

181 761 235 811 (2)
296 759 483 800 Svevo.
549 760 655 811 Iste,
711 763 1014 811 cognomento
1060 759 1559 805 ‘Fui-cata-Barba'‚
1607 761 1739 799 iidem

96 817 390 858 christianam
435 830 540 858 cum
580 817 706 857 omni
750 817 921 870 populo
955 830 1038 857 suo
1072 816 1271 869 suscepit
1302 820 1342 855 et
1376 816 1567 856 fideliter
1601 829 1741 868 perse-

97 874 284 915 uerauit.
369 874 579 926 Angliam
638 874 808 914 inuasit
863 877 903 914 et
964 874 1134 914 crebris
1195 873 1417 913 bellorum
1484 873 1743 914 incursibus

95 931 278 979 attriuit,
312 932 389 972 sed
426 944 755 986 usquequaque
789 944 878 972 non
916 931 1188 984 perdomuit.

180 1068 235 1120 (3)
283 1069 557 1109 Kanutus.
609 1068 709 1120 Iste,
742 1072 1045 1119 cognomento
1081 1068 1334 1120 Magnus,
1367 1073 1493 1122 patre
1527 1069 1742 1108 defuncto

96 1126 303 1178 Angliam
339 1139 391 1166 ex
425 1126 596 1177 integro
629 1125 905 1178 subiugauit.
969 1125 1109 1166 Cuius
1151 1126 1297 1166 uirtus
1329 1130 1370 1166 et
1404 1126 1739 1177 magnificentia

96 1186 219 1224 tanta
253 1183 409 1235 extitit,
456 1186 505 1223 ut
544 1182 681 1223 trium
723 1194 968 1234 regnorum
1003 1183 1322 1223 monarchiam
1356 1187 1539 1233 teneret,
1586 1183 1743 1234 Anglie

98 1240 279 1292 scilicet,
328 1240 465 1290 Dacie
505 1244 546 1280 et
588 1240 837 1291 Norwagie.
904 1239 1160 1292 Boianos(!)
1202 1253 1399 1294 quoque,
1448 1241 1743 1286 Pomeranos,

98 1297 308 1351 Sclauos,
356 1297 537 1348 Sauios,
587 1297 851 1344 Herminos‚
899 1310 1059 1338 omnes
1107 1297 1296 1350 paganis
1342 1297 1505 1338 ritibus
1551 1297 1743 1345 deditos,

98 1355 371 1407 subiugauit.
435 1354 599 1395 Filiam
640 1367 749 1395 uero
792 1367 921 1394 suam
959 1356 1272 1395 Romanorum
1307 1355 1571 1408 imperatori
1604 1368 1742 1407 copu-

98 1412 220 1453 lauit.

182 1551 237 1600 (4)
284 1550 552 1590 Kanutus.
616 1549 716 1601 Iste,
749 1549 871 1590 filius
905 1549 1167 1602 superioris,
1200 1554 1504 1602 cognomento
1540 1551 1744 1597 Durus,

100 1607 239 1647 Dacia
281 1610 323 1647 et
364 1606 602 1659 Norwegia
644 1610 898 1658 contentus,
946 1607 1155 1658 Angliam
1204 1607 1328 1647 fratri
1375 1620 1458 1647 suo
1505 1608 1741 1649 concessit.

100 1664 185 1705 Hic
224 1664 320 1704 sine
358 1664 482 1717 prole
524 1663 648 1717 obijt.
712 1663 795 1705 Cui
830 1663 995 1715 Sueuo,
1043 1664 1165 1704 filius
1205 1664 1342 1714 amite
1387 1678 1479 1715 sue,
1528 1665 1572 1705 in
1607 1677 1744 1717 regno

100 1721 329 1762 successit.

184 1974 239 2028 (5)
285 1975 471 2016 Svevo.
522 1975 621 2026 Iste,
653 1978 958 2026 cognomento
979 1975 1232 2026 Magnus,
1268 1978 1428 2027 potens
1452 1975 1584 2014 ualde
1603 1974 1745 2013 extitit

100 2037 142 2073 et
171 2032 395 2084 gloriosus
427 2036 468 2072 et
500 2031 716 2072 omnibus
743 2031 1103 2085 circumquaque
1129 2031 1394 2071 nationibus
1419 2031 1744 2074 formidabilis:

100 2089 147 2130 in
178 2089 426 2130 christiana
456 2088 673 2141 religione
706 2089 902 2128 multum
937 2089 1144 2128 deuotus.
1193 2088 1279 2138 Qui
1311 2088 1411 2129 licet
1440 2089 1593 2141 plures
1627 2088 1746 2128 filios

100 2147 300 2199 haberet,
325 2147 380 2187 de
404 2146 586 2186 duobus
608 2149 803 2196 tantum,
829 2145 998 2186 scilicet
1016 2145 1149 2186 Erico
1176 2150 1217 2185 et
1237 2146 1432 2192 Kanuto,
1460 2145 1631 2185 mentio
1658 2146 1743 2185 fiet.

101 2255 154 2291 ad
181 2267 220 2302 p.
254 2255 343 2301 182,
364 2256 387 2291 6
417 2256 488 2292 col.
521 2255 624 2291 dext.
655 2266 703 2291 ex
736 2255 816 2290 hac
846 2255 940 2290 luce
972 2254 1169 2299 decessit;
1203 2254 1242 2289 in
1278 2255 1420 2290 ultimo
1453 2265 1568 2290 versu
1590 2254 1747 2300 foI.13¹'

103 2313 291 2358 leyuntur
306 2311 423 2348 verba
438 2311 492 2362 (p.
512 2312 604 2353 184,
626 2310 691 2361 12)
715 2312 789 2348 His
807 2312 1025 2358 diligenter
1050 2311 1261 2358 inspectis,
1285 2311 1390 2353 luce,
1413 2311 1556 2348 deinde
1573 2322 1744 2347 vacuum

102 2371 156 2405 est
183 2369 251 2415 fol.
287 2369 362 2414 142
411 2372 447 2406 et
477 2370 518 2405 in
547 2368 616 2415 fol.
652 2369 717 2406 15Γ
746 2368 1012 2404 continuatur
1056 2369 1177 2410 locus,
1225 2369 1338 2404 cuius
1378 2368 1538 2404 initium
1585 2369 1625 2404 in
1665 2369 1746 2404 imo

99 2427 167 2472 fol.
197 2426 262 2462 13Γ
292 2426 524 2473 apparebat,
553 2437 676 2473 usque
701 2426 755 2461 ad
778 2426 916 2472 finem,
944 2426 1107 2461 adiectis
1134 2425 1199 2461 hic
1227 2425 1354 2461 verbis
1384 2424 1439 2474 (p.
1470 2425 1560 2471 184,
1582 2425 1747 2461 12*17i

103 2483 256 2519 clarius
288 2485 658 2520 constat..carnis
690 2483 893 2529 originem
926 2483 1117 2529 sumpsit.
1166 2482 1262 2518 Hoec
1294 2483 1459 2529 vestiyia
1492 2485 1646 2518 secutus
1675 2492 1746 2527 eqo

104 2542 252 2576 textum
284 2541 317 2576 A
348 2551 474 2587 supra
507 2541 560 2576 ita
592 2540 794 2577 ordinatii.
830 2541 872 2575 ut
904 2540 943 2575 in
977 2539 1194 2585 archetypo
1226 2540 1322 2575 olim
1355 2540 1590 2575 ordinatum
1622 2539 1747 2585 fuisse

103 2597 207 2633 mihi
233 2607 477 2644 persuasum
508 2601 573 2634 est.

187 2700 250 2736 Ad
274 2701 317 2736 E.
376 2700 696 2746 Ezexemplar
726 2699 883 2736 codicis
910 2700 1200 2735 Laudunensis
1234 2699 1284 2734 ab
1311 2699 1478 2735 Ernstio
1512 2699 1745 2734 adhibitum

102 2758 544 2803 <zcod.A1-naemagn.
570 2757 685 2800 1030,
714 2755 769 2792 4¹⁰
800 2756 983 2792 fascicul.
1015 2755 1188 2803 tertius).
1223 2777 1261 2780 —
1296 2755 1549 2792 E‘2zeditio
1578 2756 1745 2791 Ernstii.

207 2815 242 2850 2.
294 2813 417 2850 Verba
464 2817 640 2860 quartus
687 2817 780 2860 post
827 2813 1143 2849 Guermundum
1191 2817 1252 2856 t:
1276 2813 1598 2856 Warmundum)
1643 2812 1749 2847 clare

105 2871 329 2914 ostendunt,
376 2872 579 2907 auctorem
627 2872 754 2907 textus
803 2871 832 2905 Ε
879 2870 998 2906 etium
1044 2869 1326 2916 praefationem
1367 2870 1550 2916 opusculi
1591 2869 1629 2904 in
1676 2879 1747 2904 suo

106 2927 324 2974 archetypo
369 2926 568 2973 habuisse,
616 2928 685 2963 sed
728 2938 817 2963 eam
859 2926 1079 2963 exscribere
1124 2928 1307 2963 noluisse.
1400 2928 1434 2962 4.
1481 2926 1654 2962 Sclauos
1695 2926 1747 2962 E:

107 2984 253 3020 Slauos
287 2983 339 3020 E2
367 2984 433 3020 hic
463 2986 500 3020 et
529 2985 570 3021 in
603 2994 707 3031 seqq.
770 2986 805 3020 6.
841 2985 978 3020 Sueno
1010 2983 1156 3020 scilicet
1186 2987 1257 3019 aut
1288 2985 1422 3019 Sveno
1456 2984 1496 3018 in
1530 2982 1748 3028 archetypo

104 3039 193 3086 fuit,
225 3042 293 3077 sed
324 3041 400 3077 hoc
429 3041 560 3077 scriba
591 3041 658 3077 liic
688 3044 725 3077 et
755 3042 795 3077 in
829 3040 1083 3087 sequentibus
1116 3041 1221 3076 male
1254 3040 1354 3086 legit.
1421 3040 1481 3075 13.
1511 3040 1691 3075 Boianos
1720 3041 1747 3074 Ε

107 3107 239 3134 errore
278 3097 416 3134 scriboe
451 3108 529 3144 pro
569 3098 770 3143 Roianos;
820 3098 911 3134 item
955 3098 1002 3133 14
1036 3098 1184 3133 Sauios
1217 3097 1278 3133 vel
1308 3098 1454 3133 Sauios
1484 3107 1560 3142 pro
1593 3097 1749 3132 Samos

111 3155 171 3191 19.
219 3155 295 3190 Cui
343 3155 391 3197 E,
448 3155 556 3200 quod
601 3165 734 3190 errore
779 3165 843 3190 om
893 3153 960 3197 ΕΞ,
1015 3155 1158 3190 deinde.
1205 3154 1397 3200 Ludewiy
1443 3157 1480 3189 et
1526 3152 1747 3197 Lanqebelc.

109 3211 172 3247 24.
207 3211 276 3247 fiet
294 3211 343 3257 1-:;
374 3212 419 3247 fit
436 3210 486 3247 E2
516 3212 569 3255 (et
591 3211 707 3247 ceteri
731 3211 927 3256 editores).
974 3211 1018 3246 In
1045 3210 1299 3257 sequentibus
1322 3211 1420 3246 ordo
1442 3210 1624 3256 partium
1651 3210 1691 3245 in
1718 3210 1748 3244 E

106 3268 276 3312 pessime
301 3267 482 3303 turbatus
507 3271 582 3313 est,·
615 3268 656 3303 in
680 3279 768 3304 mea
794 3267 964 3303 editione
981 3278 1070 3303 eum
1090 3268 1272 3304 ordinem
1301 3267 1455 3306 induxi,
1484 3267 1552 3312 qui
1578 3267 1700 3302 textui
1719 3267 1747 3300 Α

110 3324 332 3369 respondet,
363 3324 431 3360 sed
461 3326 641 3361 numeris
672 3324 846 3371 singulis
868 3323 1053 3370 partibus
1074 3324 1255 3370 praefixis
1281 3325 1472 3361 indicaui.
1506 3334 1585 3369 quo
1610 3323 1750 3358 ordine

111 3381 150 3415 in
184 3382 407 3426 exemplari
439 3382 467 3416 E
498 3381 772 3426 proferantur.

1481 3432 1544 3463 12=÷=

1773 1078 1810 1106 1⁰

1774 1364 1811 1393 15

1770 1732 1813 1760 20
