2150 3584
292 1009 334 1041 10

295 1374 335 1405 15

291 1738 336 1769 20

294 2102 337 2133 25

293 2466 336 2498 30

361 217 444 264 406
696 228 971 263 semprorzsss
1004 228 1230 263 msrossiffi'
1263 228 1439 263 DAN1CAE
1471 231 1670 264 Mmoflsss

362 348 494 389 dictis
526 362 606 402 per
632 348 855 389 iudicium
881 348 987 389 ferri
1016 348 1268 400 candentis,
1299 347 1375 388 ille
1399 349 1662 390 assenciens
1686 362 1822 403 super
1845 349 2012 402 ignitas

360 421 467 462 ferri
506 421 704 461 laminas
742 420 880 461 nudis
918 420 1086 474 plantis
1117 421 1349 473 ingressus
1382 425 1470 472 est,
1517 433 1609 475 quo
1641 421 1784 480 nichil
1814 422 1922 473 leso,
1972 421 2012 462 ei

362 493 516 535 Norici
558 493 746 547 plurimi
783 494 1075 534 adheserunt.
1139 493 1224 534 Sed
1267 506 1374 534 cum
1415 494 1609 546 Magnus
1647 507 1742 535 non
1781 495 1932 535 solum
1972 494 2012 535 ei

361 570 537 620 partem
561 566 688 618 regni
714 554 903 618 negaret,
936 567 1013 606 sed
1040 566 1185 606 eciam
1213 579 1318 606 eum
1345 566 1400 606 de
1423 569 1543 607 terra
1568 566 1755 619 fugaret,
1782 567 2013 607 Haraldus

364 639 476 691 fugit
507 639 564 679 ad
598 638 785 679 Ericum
818 651 900 692 pro
933 638 1104 679 auxilio
1137 638 1440 692 impetrando.
1490 638 1576 679 Hic
1604 639 1834 679 Haraldus
1867 643 2015 692 preter

360 711 680 752 liberalitatem
727 711 904 751 nullam
951 710 1095 750 animi
1140 710 1355 751 virtutem
1401 711 1643 752 videbatur
1688 712 1879 766 habere,
1934 712 2013 752 sed

361 783 637 825 celeritatem
686 783 892 836 corporis
937 786 1112 823 tantam
1160 783 1343 836 habuit,
1401 788 1447 826 vt
1494 783 1639 824 eciam
1686 797 1824 825 cursu
1871 797 2014 839 equos

362 860 618 910 superaret3
666 856 779 896 dum
819 855 964 897 eciam
996 855 1112 896 remi
1144 859 1269 896 extra
1300 869 1469 897 nauem
1504 857 1868 910 extenderentur,
1910 856 2015 898 faci-

361 928 461 970 liter
492 941 629 982 super
661 941 821 970 eorum
855 928 1161 969 extremitates
1193 928 1464 969 decucurrit.
1528 929 1690 970 Ericus
1722 933 1876 970 autem
1909 943 2014 970 eum

360 1002 551 1043 honeste
583 1001 765 1056 recepit,
798 1005 934 1055 atque
966 1013 1072 1041 cum
1105 1013 1158 1042 eo
1190 1000 1421 1054 profectus
1453 1002 1686 1055 Asloyam,
1726 1015 1814 1056 que
1847 1003 2014 1055 Magno

361 1074 625 1127 adherebat,
657 1074 807 1128 primo
841 1074 999 1127 spoliis
1031 1074 1196 1114 deinde
1228 1073 1442 1115 incendio
1475 1074 1746 1116 deuastauit.
1800 1074 2015 1130 Sequenti

362 1160 485 1188 anno
519 1147 682 1188 Ericus
724 1146 847 1187 misit
886 1159 993 1188 cum
1035 1159 1087 1187 eo
1121 1147 1315 1187 classem
1348 1147 1487 1187 Dacie
1520 1160 1603 1201 pro
1635 1147 1889 1199 adiutori03
1936 1147 2014 1202 qui

363 1231 573 1274 pugnans
620 1233 726 1261 cum
769 1220 935 1272 Magno
983 1232 1088 1260 eum
1136 1219 1243 1259 vicit
1287 1232 1341 1260 ac
1381 1220 1512 1273 cepit,
1560 1220 1797 1274 oculisque
1839 1220 2014 1261 effossis

362 1306 468 1334 eum
501 1292 741 1343 castrauit;
774 1292 853 1346 qui
885 1295 1109 1333 castratus
1142 1291 1474 1333 monasterium
1506 1292 1708 1334 intrauit.

450 1366 527 1406 III.
585 1365 748 1406 Ericus
779 1369 948 1417 autem,
979 1377 1141 1418 pacem
1174 1365 1351 1405 habens
1383 1378 1463 1418 per
1495 1366 1752 1418 circuitum,
1784 1365 2014 1406 iusticiam

362 1438 503 1479 coluit
523 1437 828 1492 pristinasque
851 1438 972 1490 leges
997 1438 1194 1478 abolitas
1220 1437 1478 1490 renouauit,
1499 1438 1748 1480 violencias
1771 1450 2013 1492 procerum

362 1511 480 1552 ferro
527 1515 606 1551 aut
644 1511 808 1565 laqueo
851 1510 1055 1564 puniuit;
1102 1510 1205 1551 ideo
1252 1510 1483 1551 maiorum
1530 1511 1635 1552 odia
1683 1512 1760 1552 sed
1807 1524 2014 1551 amorem

362 1584 657 1638 popularium
697 1583 956 1638 acquisiuit.
1017 1582 1194 1623 Accidit
1234 1587 1389 1624 autem
1431 1583 1661 1624 discordia
1707 1584 1824 1624 inter
1862 1594 2013 1635 regem

362 1661 403 1698 et
421 1656 664 1708 Eskillum,
698 1655 967 1709 episcopum
986 1655 1358 1703 Roskildensem;
1391 1656 1469 1710 qui
1501 1656 1548 1696 in
1580 1659 1758 1697 tantum
1786 1656 2013 1709 populum

363 1733 520 1771 contra
552 1740 703 1781 regem
735 1728 1003 1781 commouit,
1035 1732 1081 1769 vt
1113 1741 1218 1769 eum
1251 1729 1306 1769 de
1340 1728 1569 1770 Sialendia
1602 1729 1873 1770 exturbaret.
1927 1728 2013 1770 Sed

362 1813 465 1855 rege
518 1814 624 1843 cum
679 1801 823 1842 classe
868 1813 1054 1842 reuerso
1101 1801 1345 1855 episcopus
1391 1805 1552 1855 captus
1598 1801 1674 1843 vix
1719 1804 2013 1855 coquatorum

363 1874 576 1929 precibus
631 1873 848 1927 optinuit,
909 1878 956 1914 vt
1007 1873 1148 1915 vitam
1201 1874 1360 1926 viginti
1411 1874 1593 1915 talentis
1645 1874 1746 1915 auri
1790 1873 2014 1915 redimere

364 1952 529 2001 posset.
592 1948 676 1988 Per
708 1946 831 1987 idem
861 1949 1044 1999 tempus
1076 1950 1259 1987 mortuo
1291 1948 1472 1999 Ascero,
1514 1946 1861 2000 archiepiscopo
1895 1947 2014 1987 Lun-

364 2020 513 2073 densi,
561 2019 780 2061 successit
825 2018 865 2059 ei
911 2023 1132 2071 cognatus
1179 2033 1290 2060 suus
1338 2019 1560 2072 Eskillus,
1615 2019 1860 2073 episcopus
1907 2020 2014 2060 Ros-

363 2092 597 2133 kildensis.
647 2093 714 2133 Eo
744 2096 951 2145 ternpore
982 2091 1172 2145 quidam
1205 2092 1374 2133 nobilis
1404 2092 1541 2133 Jutus
1572 2092 1682 2144 Plog
1714 2092 1889 2132 occulte
1920 2091 2014 2144 regi

362 2166 539 2206 malum
587 2164 826 2217 cogitabat,
873 2164 1154 2218 accessitque
1200 2165 1258 2205 ad
1305 2178 1410 2206 eum
1452 2164 1593 2218 Ripis,
1640 2177 1747 2205 cum
1792 2164 1890 2217 ipse
1936 2177 2014 2205 rex

362 2238 537 2279 sederet
574 2238 622 2278 in
663 2237 845 2291 placito,
892 2240 938 2278 vt
977 2249 1141 2277 causas
1172 2237 1333 2291 populi
1364 2237 1597 2291 iudicaret.
1661 2237 1870 2290 Cumque
1903 2237 2014 2289 Plog

362 2310 595 2351 iuberetur
632 2310 909 2363 respondere
950 2309 1135 2350 cuidam
1175 2309 1344 2350 rustico
1384 2310 1439 2351 de
1485 2323 1532 2350 se
1572 2309 1884 2364 conquerenti,
1930 2309 2014 2350 iuit

361 2396 521 2424 versus
566 2393 718 2435 regem
764 2383 972 2423 lanceam
1020 2382 1197 2423 habens
1249 2382 1296 2422 in
1349 2395 1491 2423 manu
1537 2386 1673 2437 atque
1719 2382 2011 2423 audienciam

363 2455 645 2509 postulabat3
693 2459 735 2496 et
781 2468 886 2496 cum
935 2456 1191 2495 aduerteret
1235 2466 1388 2506 regem
1434 2455 1657 2496 inermem
1701 2467 1812 2508 esse,
1857 2454 2011 2508 ipsum

451 2628 559 2664 1—2.
592 2625 711 2663 verba
742 2637 813 2663 sex
843 2627 1060 2663 candentis
1079 2626 1233 2664 ..ferri
1264 2637 1342 2663 om.
1367 2626 1444 2663 AS.
1506 2626 1541 2662 2.
1574 2626 1649 2662 lesi
1672 2627 1715 2663 A.
1778 2626 1813 2662 4.
1845 2626 2012 2672 negauit

363 2684 491 2730 codd.,
524 2684 693 2721 correxi.
757 2685 793 2720 5.
828 2684 880 2720 ad
905 2694 983 2721 om.
1002 2684 1046 2720 V.
1116 2688 1140 2731 p
1164 2685 1332 2730 (zpre)
1363 2683 1518 2719 auxilio
1536 2684 1581 2720 A.
1646 2684 1682 2720 6.
1714 2683 1949 2720 libertatem
1968 2683 2008 2719 S.

365 2742 400 2779 7.
444 2742 710 2778 sceleritatem
750 2751 783 2778 c.
825 2743 879 2778 tm
906 2742 959 2786 (02
994 2743 1173 2786 tantum)
1211 2741 1336 2787 codd„
1384 2752 1484 2777 corr.
1518 2739 1742 2786 Lanqebelc.
1834 2741 1896 2776 10.
1935 2750 2010 2776 ans

361 2811 436 2854 (vel
452 2810 683 2856 aus)loyam
716 2810 760 2846 A.
848 2809 909 2845 13.
942 2809 1083 2846 effosis
1116 2810 1158 2846 A.
1249 2810 1310 2847 16.
1345 2792 1544 2857 §statasque
1575 2809 1720 2855 scripsi
1749 2808 1955 2854 (conditas
1987 2819 2010 2844 a

363 2868 595 2903 maioribus
613 2867 753 2913 Saxo);
784 2868 989 2913 iustasque
1009 2867 1121 2902 codd.
1184 2867 1247 2903 17.
1271 2867 1425 2913 loqueo
1443 2867 1490 2904 V.
1551 2867 1649 2903 odio
1667 2867 1711 2903 A.
1776 2866 1838 2902 18.
1858 2865 2012 2912 adque-

363 2924 462 2960 siuit
500 2925 540 2961 S.
629 2928 767 2960 autem
806 2924 852 2970 S3
899 2925 1030 2960 eciam
1071 2924 1151 2961 VA.
1244 2924 1307 2960 21.
1347 2927 1596 2971 ognatorum
1632 2922 1709 2973 (vel
1746 2921 2011 2971 agnatorum)

363 2981 507 3027 scripsi
536 2981 683 3030 (patris
717 2991 765 3017 ac
796 2981 935 3028 patrui
966 2979 1109 3030 Sax0);
1156 2990 1404 3028 magnorum
1437 2980 1549 3017 codd.
1584 2981 1723 3027 inepte.
1785 2980 1849 3016 22.
1881 2981 2007 3016 vitam

363 3049 441 3075 om.
475 3038 513 3075 S.
589 3035 664 3075 xxtl
697 3038 774 3074 VS.
853 3038 999 3074 redimi
1026 3038 1064 3074 S.
1127 3039 1190 3075 25.
1223 3039 1335 3074 iutus
1368 3038 1525 3085 plough
1550 3038 1604 3084 A3
1636 3037 1793 3084 plough
1825 3038 1938 3073 iutus
1968 3036 2008 3074 S.

364 3096 427 3131 27.
461 3095 564 3131 Cum
597 3096 754 3142 plough
788 3095 863 3133 AS.
