2150 3584
533 211 825 240 COMPENDivM
860 212 1057 241 SAoniS.
1109 215 1189 242 ΜΒ.
1227 215 1300 242 viii
1661 204 1734 243 321

97 329 201 367 cant
246 326 302 366 ad
351 325 571 377 duellum,
618 329 664 366 vt
710 338 866 366 necem
915 327 1101 367 domine
1148 328 1444 368 vindicarent.
1529 329 1741 369 Duellum

96 399 296 439 abnuere
343 398 617 450 probrosum
665 398 900 451 quondam
949 399 1130 450 regibus
1176 404 1282 451 erat,
1330 401 1406 454 qui
1450 405 1557 440 tunc
1600 401 1742 452 magis

96 470 312 524 operibus
358 483 496 523 quam
546 470 712 523 opibus
760 471 1108 523 reputabantur3
1156 476 1199 511 at
1244 472 1475 513 omnihus
1522 477 1560 512 et
1610 473 1744 512 frater

96 543 192 584 eius
234 555 280 583 se
321 542 518 583 offerunt
559 555 640 595 pro
674 553 773 594 rege
807 547 1102 596 pugnaturos.
1169 544 1282 584 Inito
1322 545 1455 596 igitur
1496 545 1742 585 certamine

98 616 211 656 Bero
251 614 485 666 occiditur,
533 615 727 656 Thorias
767 616 965 667 grauiter
1008 616 1273 656 vulneratus
1314 621 1541 657 certamen
1582 617 1741 665 exiuit3
1769 624 1787 652 5

95 700 230 742 quem
274 688 568 740 postmodum
609 692 816 728 curatum
860 700 914 728 ac
952 688 1035 728 sibi
1080 688 1168 728 fide
1209 689 1457 740 obligatum
1494 688 1740 729 ssmundus

95 761 257 800 ducem
302 760 537 812 Norwegie
582 760 694 800 fecit.
759 760 933 801 Deinde
971 773 1074 801 cum
1117 761 1363 801 Omundus
1403 765 1673 801 consuetum
1717 774 1739 800 a

95 832 243 873 Slauis
289 832 511 872 tributum
560 832 753 884 exigeret
799 845 878 886 per
925 834 1116 885 legatos,
1173 834 1234 873 illi
1292 847 1382 874 non
1439 834 1585 873 solum
1645 833 1741 872 eius

95 905 264 957 legatos
304 905 581 957 occiderunt,
629 906 707 946 sed
750 905 893 946 eciam
927 919 1030 946 eum
1066 907 1187 959 apud
1220 906 1400 947 Juciam
1437 906 1554 946 bello
1590 906 1741 956 latiga-

95 977 226 1027 bant;
273 978 318 1018 in
359 990 452 1032 quo
489 981 643 1018 tamen
683 978 801 1018 bello
843 978 1090 1019 flmundus
1131 983 1301 1032 septem
1343 990 1468 1030 reges
1509 978 1741 1031 superauit

96 1049 373 1104 solitumque
405 1051 475 1091 ius
507 1050 664 1090 tributi
697 1063 776 1104 per
807 1051 1045 1091 victoriam
1080 1051 1386 1092 confirmauit.

180 1123 228 1163 V.
293 1123 465 1164 Interea
509 1122 844 1176 Starkatherus,
892 1123 983 1163 iam
1024 1123 1151 1164 senio
1199 1124 1432 1165 consectus
1476 1136 1528 1163 ac
1577 1122 1742 1162 milicie

94 1194 330 1248 stipendiis
377 1196 606 1247 emeritus,
660 1196 820 1236 maluit
866 1196 923 1236 ab
970 1196 1125 1249 aliquo
1173 1196 1314 1236 nobili
1362 1196 1554 1236 interfici
1602 1208 1739 1248 quam

94 1268 336 1308 senectutis
369 1268 497 1309 viciis
529 1268 710 1308 diucius
744 1268 1018 1321 pregrauari.
1083 1269 1222 1320 Igitur
1264 1282 1444 1321 aurum,
1491 1269 1614 1322 quod
1662 1279 1742 1320 pro

94 1339 256 1380 Olonis
289 1345 434 1382 morte
466 1346 710 1394 receperat,
758 1341 875 1381 collo
908 1341 1139 1395 appendit,
1187 1346 1232 1382 vt
1263 1342 1424 1381 eodem
1459 1341 1609 1394 precio
1643 1353 1742 1393 pro-

93 1412 245 1465 prium
270 1413 605 1454 interfectorem
628 1414 894 1467 acquireret,
923 1418 1107 1467 propter
1131 1415 1254 1467 quod
1279 1418 1456 1454 tantum
1487 1413 1740 1466 principem

93 1484 345 1527 occidisset.
435 1486 642 1526 Accinxit
695 1497 798 1538 ergo
852 1499 898 1527 se
959 1486 1142 1526 duobus
1198 1486 1404 1537 ensibus,
1468 1486 1741 1538 duobusque

93 1557 268 1598 baculis
307 1569 488 1610 gressus
528 1559 700 1599 debiles
743 1559 1038 1599 sustentabat.
1101 1559 1204 1609 Quo
1247 1559 1345 1599 viso
1378 1559 1565 1612 quidam
1602 1571 1741 1611 popu-

93 1629 199 1669 laris
241 1643 320 1683 per
358 1631 607 1671 ludibrium
651 1631 811 1684 petiuit
842 1632 1034 1672 alterum
1079 1631 1281 1683 gladium
1325 1631 1410 1671 sibi
1451 1631 1562 1671 dari.
1627 1631 1743 1670 Star-

93 1702 309 1743 katherus
336 1703 607 1757 promittens
640 1707 766 1756 rogat
789 1704 979 1757 propius
1012 1705 1243 1753 accedere3
1277 1717 1413 1757 quern
1446 1704 1735 1743 accedentem

92 1774 242 1825 gladio
274 1776 675 1817 transuerberauit.
739 1777 1077 1830 Superueniens
1109 1776 1297 1830 quidam
1334 1777 1576 1826 Hatherus,
1609 1775 1739 1816 cuius

93 1850 268 1900 patrem
316 1848 637 1890 Starkatherus
684 1850 929 1901 occiderat,
976 1862 1028 1889 eo
1076 1850 1198 1902 quod
1246 1849 1540 1900 instigauerat
1587 1848 1736 1901 ipsum

91 1919 136 1959 in
185 1924 378 1961 mortem
427 1922 603 1974 Olonis,
650 1921 781 1962 iussit
826 1923 943 1962 duos
990 1921 1162 1975 equites
1210 1933 1314 1961 cum
1364 1921 1535 1974 impetu
1584 1933 1737 1961 senem

93 1991 323 2045 inuadere,
356 1998 401 2034 vt
431 1994 687 2035 incuterent
718 1994 805 2034 sibi
838 1999 1032 2044 metum;
1066 1995 1143 2034 sed
1177 1993 1273 2046 ipse
1305 2006 1407 2034 cum
1445 1993 1620 2034 baculis
1645 1993 1740 2033 suis

93 2068 334 2119 Vtrumque
386 2066 618 2107 interfecit.
710 2067 905 2120 Stupens
954 2067 1183 2106 Hatherus
1231 2066 1419 2119 propius
1466 2079 1569 2106 cum
1619 2079 1736 2120 equo

92 2138 282 2178 accessit
313 2138 751 2193 Starkatherumque
793 2139 1069 2190 recognouit.
1132 2140 1164 2178 A
1208 2152 1299 2192 quo
1341 2151 1444 2178 cum
1480 2138 1738 2191 requireret,

93 2209 129 2249 si
161 2210 294 2251 vellet
326 2224 407 2264 pro
439 2211 590 2264 gladio
622 2212 885 2253 vehiculum
919 2212 1099 2259 habere,
1132 2211 1367 2264 respondit
1401 2211 1487 2257 ille,
1521 2224 1567 2250 se
1598 2224 1739 2263 quon-

92 2282 198 2322 dam
232 2295 374 2336 penas
407 2284 499 2324 suis
523 2284 787 2324 irrisoribus
814 2285 1059 2336 irrogasse3
1093 2296 1290 2336 cumque
1315 2283 1574 2323 adinuicem
1605 2283 1738 2323 verba

92 2354 330 2408 iactarem,
385 2356 624 2410 perpendit
671 2357 990 2396 Starkatherus
1047 2368 1097 2396 ex
1152 2355 1301 2397 verbis
1359 2356 1560 2404 iuuenis,
1617 2356 1740 2395 hunc

182 2481 215 2517 1.
242 2481 411 2518 domine
436 2493 510 2518 sue
528 2483 566 2518 S.
636 2482 670 2517 2.
698 2482 877 2517 condam
905 2482 979 2517 AS.
1049 2485 1138 2516 erat
1160 2491 1237 2516 om.
1263 2481 1339 2516 As.
1402 2481 1436 2515 4.
1463 2483 1738 2526 pugnaturos:

90 2539 181 2582 post
210 2537 296 2574 haec
319 2539 564 2585 epitomalor
585 2539 732 2574 addere
754 2537 889 2573 debuit
912 2538 1020 2573 hanc
1045 2537 1304 2573 sententiam:
1338 2537 1450 2583 quod
1478 2548 1548 2572 rex
1573 2536 1737 2572 tandem

93 2603 187 2640 egre
219 2597 466 2642 acceptauit‚
497 2608 518 2632 a
551 2597 638 2632 suis
670 2598 884 2636 exoratus;
918 2595 992 2630 vid.
1018 2594 1137 2631 Saxo.
1199 2596 1231 2630 7.
1266 2599 1401 2630 tamen
1434 2593 1529 2641 (pro
1561 2592 1673 2641 cum)
1696 2595 1738 2628 Α.

93 2656 284 2689 asuetum
310 2653 355 2690 V.
417 2654 525 2690 7—8.
559 2665 580 2689 a
616 2653 736 2688 slauis
770 2656 817 2688 tr.
850 2663 908 2688 ex.
941 2663 963 2687 a
999 2652 1119 2687 l'lauis
1153 2663 1189 2697 p.
1222 2652 1244 2687 l.
1273 2652 1354 2687 DV.
1417 2652 1452 2686 9.
1486 2652 1666 2696 fatigant,
1700 2653 1741 2685 ut

95 2708 182 2754 vid„
201 2710 240 2746 S.
304 2711 364 2747 10.
393 2714 530 2746 tamen
549 2721 625 2746 om.
645 2710 684 2746 S.
748 2709 808 2745 13.
837 2712 1045 2745 emeretus
1066 2710 1107 2744 Α.
1169 2709 1357 2744 interfeci
1380 2709 1422 2744 D.
1490 2709 1548 2743 14.
1575 2707 1739 2743 diucius

94 2768 270 2813 pugnari
289 2768 333 2803 A.
399 2768 457 2804 15.
482 2768 688 2814 reciperat
707 2767 760 2811 V;
794 2767 999 2812 reciperet
1025 2767 1069 2801 D.
1135 2767 1195 2801 16.
1229 2769 1402 2812 propter
1425 2765 1505 2800 hoc
1532 2765 1644 2810 quod
1664 2764 1738 2800 AS.

95 2823 217 2859 talem
258 2835 318 2870 pr.
358 2826 400 2861 Α.
494 2825 555 2861 18.
596 2821 734 2872 visu(i)
774 2823 812 2860 S.
903 2823 965 2859 20.
1007 2834 1130 2869 quem
1174 2826 1215 2857 vt
1261 2820 1479 2867 dentemffl
1518 2822 1567 2863 V;
1614 2832 1738 2868 quem

95 2879 291 2929 dentes(!)
321 2883 364 2918 Α.
455 2883 517 2919 21.
552 2882 722 2917 haterus
755 2881 793 2916 S.
878 2881 941 2915 22.
975 2891 1067 2915 eum
1101 2880 1196 2927 (pi-o
1229 2878 1384 2925 ipsum)
1415 2879 1454 2914 S.
1537 2880 1600 2914 23.
1633 2879 1739 2914 duos

95 2948 172 2974 om.
206 2939 239 2974 D
325 2940 386 2975 26.
419 2939 616 2985 cognouit
648 2938 723 2974 As.
799 2938 862 2973 27.
896 2937 1096 2984 qd5(p1·o
1131 2935 1225 2981 oda)
1257 2936 1295 2971 S.
1372 2936 1434 2972 28,
1469 2946 1662 2981 erogasse
1696 2936 1738 2971 Α.

98 2995 332 3031 adinuicem
367 3006 444 3032 om.
478 2997 521 3033 D.

1771 987 1809 1016 10

1772 1349 1810 1378 15

1765 1712 1808 1742 20
