2150 3584
399 213 481 251 322
739 219 1014 249 SCRIPTORES
1047 219 1273 247 HISTORIAE
1308 218 1484 246 DANJCAE
1516 219 1715 247 MlNoaes

399 337 547 377 filium
580 348 677 375 esse
703 333 936 374 Lennonis
965 332 1108 384 ducis,
1142 346 1278 386 quem
1313 332 1409 386 ipse
1442 332 1693 373 occidisset.
1743 332 2050 373 Considerans

400 421 503 461 ergo
530 421 635 448 eum
661 407 961 459 sollempnem
991 409 1032 445 et
1056 405 1273 457 nobilem,
1306 407 1527 452 hortatur,
1553 408 1599 445 vt
1623 418 1683 456 se,
1715 404 2049 446 interfectorem

399 481 539 535 patris
579 481 689 530 eius,
737 479 943 519 occidere
991 491 1081 518 non
1131 482 1351 523 vereatur,
1400 477 1620 517 exhibens
1668 477 1707 517 ei
1754 490 1919 517 aurum
1968 491 2050 530 pro

399 566 606 603 munere,
663 553 787 605 quod
834 564 859 591 a
906 555 1031 604 patre
1079 550 1223 604 ipsius
1270 553 1501 602 receperat
1548 562 1629 602 pro
1681 553 1827 590 morte
1874 550 2049 591 Olonis.

353 632 371 661 5
402 626 584 666 quenis
631 624 766 676 igitur
806 628 900 663 tam
945 627 1128 676 propter
1167 635 1329 662 aurum
1375 622 1640 662 habendum
1686 634 1824 676 quam
1868 626 2051 675 propter

399 712 557 740 necem
590 702 827 751 paternam
861 696 1186 736 vindicandam
1221 694 1456 748 respondit
1488 707 1534 734 se
1561 694 1775 746 precibus
1802 694 1899 734 eius
1925 695 2051 735 obse-

399 776 634 819 cuturum3
683 770 755 809 cui
798 768 950 808 statim
984 768 1306 808 Starkatherus
1338 766 1541 818 gladium
1575 766 1700 806 dedit
1731 767 2050 820 ceruicemque

399 844 640 898 protendit,
686 843 890 892 hortans,
937 854 993 881 ne
1035 839 1315 880 muliebriter
1357 838 1507 890 gladio
1551 842 1759 879 vteretur.
1823 839 1913 889 Qui
1946 839 2050 879 forti

397 918 488 958 ictu
537 918 673 969 caput
720 914 840 954 senis
887 913 1101 964 abscidit,
1164 912 1284 965 quod
1343 912 1512 951 cadens
1567 916 1735 951 terram
1790 912 2050 952 momordit.

334 996 374 1025 10
402 988 673 1030 Tumulauit
704 991 856 1027 autem
890 999 994 1026 eum
1029 986 1074 1025 in
1109 997 1287 1037 campo,
1321 983 1508 1024 nomine
1542 983 1862 1035 Raegnaeliung.

484 1062 557 1102 VI.
644 1061 824 1100 Mortuo
882 1058 1102 1100 ssmundo
1159 1058 1205 1097 in
1262 1069 1372 1109 pace
1421 1056 1640 1100 successit
1686 1056 1726 1096 ei
1772 1055 1894 1096 filius
1941 1070 2052 1097 suus

400 1134 711 1184 Siwardus,
773 1132 949 1172 habens
1002 1130 1185 1170 fratrem
1246 1129 1492 1182 paruulum
1550 1129 1769 1168 Buthlum
1831 1141 1884 1169 ac
1936 1130 2052 1169 duas

399 1220 598 1255 sorores;
630 1217 827 1259 quarum
853 1204 1042 1243 alteram
1067 1203 1126 1243 ob
1152 1201 1367 1242 eximiam
1395 1201 1788 1254 pulchritudinem
1809 1201 2051 1255 Gotharus,

397 1294 475 1321 rex
523 1278 709 1330 Swecie,
764 1276 905 1316 misso
961 1276 1107 1327 legato
1156 1275 1347 1315 Ebbone
1401 1277 1586 1327 propter
1631 1274 1721 1314 hoc
1766 1274 1812 1313 in
1861 1274 2050 1314 Daciam

332 1359 370 1388 15
399 1351 649 1407 postulauit
679 1362 880 1391 onrem.
943 1348 1034 1398 Qui
1068 1347 1301 1399 legacione
1343 1346 1461 1387 facta
1493 1347 1674 1386 rediens
1706 1346 1819 1386 dixit
1850 1347 2051 1399 puellam

398 1425 705 1474 consensisse,
766 1434 850 1462 nec
903 1420 1074 1474 aliquid
1133 1423 1302 1459 restare
1357 1418 1443 1458 nisi
1504 1419 1696 1471 nupcias
1757 1420 2049 1472 peragendas.

400 1499 569 1539 Iterum
618 1496 751 1548 igitur
797 1494 966 1534 missus
1010 1493 1155 1544 Ebbo,
1202 1496 1248 1532 vt
1295 1491 1495 1544 puellam
1542 1491 1590 1531 in
1633 1491 1852 1532 Sweciam
1901 1491 2048 1541 ferret,

398 1584 502 1612 cum
544 1583 623 1623 per
668 1567 962 1608 Hallandiam
1004 1578 1108 1606 cum
1152 1564 1334 1605 modica
1375 1563 1547 1604 familia
1581 1564 1805 1614 transiret,
1852 1563 2050 1616 contigit,

399 1648 443 1683 vt
474 1643 520 1683 in
554 1643 692 1682 domo
726 1641 968 1681 cuiusdam
1001 1642 1276 1691 pernoctans
1316 1636 1498 1677 amissis
1538 1636 1755 1676 omnibus
1789 1636 1924 1677 sociis
1955 1636 2052 1689 ipse

329 1722 371 1752 20
399 1717 524 1757 solus
551 1714 745 1755 euadere
772 1716 944 1766 posset3
978 1724 1086 1751 nam
1119 1710 1399 1750 domesticus
1431 1709 1505 1749 ille
1539 1709 1741 1762 hospites
1773 1709 2052 1749 dormientes

399 1801 559 1830 necare
607 1787 763 1827 solitus
810 1789 916 1826 erat.
981 1784 1208 1824 Reuersus
1254 1782 1389 1835 igitur
1434 1783 1491 1822 ad
1533 1782 1786 1822 Gotharum
1835 1786 2051 1822 euentum

399 1875 534 1902 suum
568 1858 783 1900 narrauit.
847 1858 1089 1908 Gotharus,
1136 1859 1354 1908 reputans
1395 1855 1482 1895 hoc
1522 1867 1575 1895 ex
1607 1853 1825 1894 instinctu
1860 1854 2050 1895 siwardi

399 1934 619 1984 euenisse,
652 1935 809 1972 contra
843 1942 947 1970 eum
982 1929 1154 1969 bellum
1189 1932 1337 1981 parat3
1371 1927 1443 1968 cui
1478 1926 1711 1967 Siwardus
1739 1926 1785 1966 in
1806 1926 2051 1967 Hallandia

399 2018 643 2048 occurrens
683 2017 775 2044 non
816 2003 964 2043 solum
1008 2014 1211 2042 sororem
1245 2000 1411 2052 amisit,
1459 2000 1536 2040 sed
1579 1999 1724 2040 eciam
1766 2003 2052 2052 expugnatus

330 2087 371 2117 25
399 2080 444 2120 in
491 2078 671 2119 Juciam
720 2076 894 2128 refugit.
977 2074 1080 2124 Quo
1127 2074 1239 2113 dum
1286 2073 1472 2124 veniret,
1520 2072 1642 2113 Slaui
1691 2085 1782 2112 non
1830 2071 2050 2111 habentes

400 2154 563 2192 ducem
611 2151 655 2190 in
706 2162 811 2190 eum
859 2147 1106 2198 irruerunt,
1162 2159 1278 2200 quos
1325 2145 1398 2185 ille
1445 2144 1633 2185 feliciter
1678 2143 1915 2195 effugauit3
1973 2143 2048 2183 sed

489 2282 521 2317 1.
554 2279 766 2316 Lennonis
798 2277 942 2323 scripsi
971 2274 1094 2324 (Saxo
1126 2286 1217 2311 eum
1251 2275 1439 2310 Lennum
1475 2274 1534 2309 vel
1565 2275 1807 2309 Lennonem
1840 2270 2051 2320 appellat);

395 2339 594 2385 Jennonis
636 2337 761 2381 DVA3
810 2332 1027 2381 iuuenis(!)
1059 2333 1098 2369 S.
1178 2333 1284 2368 1—2.
1327 2331 1610 2367 Considerans
1649 2341 1731 2376 que
1764 2330 1802 2366 S.
1879 2330 1913 2366 2.
1955 2340 2050 2365 eum

401 2407 478 2432 om.
513 2396 555 2431 D.
631 2394 724 2430 nob.
758 2397 797 2429 et
829 2392 919 2428 soll.
950 2392 994 2428 Α.
1071 2391 1106 2426 3.
1139 2393 1299 2436 patrem
1318 2387 1357 2437 (ἔ)
1387 2389 1430 2424 Α.
1507 2389 1678 2424 exibens
1712 2388 1795 2423 Dv.
1873 2387 1906 2422 5.
1939 2387 2049 2422 enim

398 2452 495 2501 (pro
543 2450 682 2500 igitur)
727 2451 802 2487 AS.
896 2448 1131 2485 habendam
1181 2447 1261 2482 VA.
1354 2447 1387 2482 7.
1434 2445 1643 2481 ceruicem
1690 2444 1784 2493 (om.
1833 2441 1930 2492 que)
1975 2444 2050 2480 As.

401 2511 435 2545 8.
478 2511 650 2545 hortans
691 2520 785 2544 eum
826 2509 869 2543 Α.
960 2506 1035 2542 Cui
1076 2506 1119 2541 Α.
1213 2505 1274 2540 10.
1315 2500 1571 2550 regnzeliung
1612 2503 1665 2544 νς
1712 2502 1981 2548 regnaelyngh
2022 2501 2049 2537 S

397 2567 454 2615 <ln
496 2578 624 2613 marry.
665 2566 925 2612 ryneliwngh
968 2564 1076 2599 circa
1121 2558 1402 2608 liitblthlbo‘fflk
1449 2560 1734 2606 raeynaelyung
1774 2559 1808 2595 Α
1846 2557 2051 2607 (Roelung

399 2625 529 2669 Saaeo).
596 2625 655 2659 11.
689 2622 902 2668 Inscriptio
936 2621 976 2656 in
1011 2621 1061 2655 D:
1095 2619 1307 2655 Siwardus
1342 2619 1413 2663 443
1458 2618 1499 2653 in
1532 2617 1582 2653 A:
1618 2617 1675 2652 De
1710 2618 1816 2662 Rege
1849 2615 2050 2658 Siwardo‚

401 2684 434 2717 el
468 2682 507 2716 in
541 2692 687 2725 mma:
731 2691 808 2715 LVI.
842 2679 987 2715 Siuerd
1024 2671 1220 2713 Oniunsss.
1264 2697 1304 2700 —
1344 2675 1530 2711 succedit
1563 2675 1608 2709 D.
1680 2674 1741 2710 12.
1777 2673 1986 2719 sywardus
2020 2672 2048 2708 S

400 2749 566 2784 semper.
657 2737 818 2772 butlum
864 2737 904 2774 S.
1000 2735 1059 2771 13.
1101 2736 1275 2780 propter
1313 2731 1410 2780 (pro
1451 2730 1521 2779 ob)
1560 2733 1601 2767 Α.
1691 2734 1860 2777 gotarus
1903 2729 2049 2776 saepius

400 2796 524 2837 codd,
561 2795 761 2830 interdum
795 2797 973 2840 gatarus.
1054 2792 1113 2827 17.
1147 2792 1187 2826 in
1224 2790 1353 2825 suecia
1387 2791 1429 2826 Α,
1512 2789 1639 2824 ferret
1669 2788 1793 2832 codd„
1829 2787 1897 2822 vix
1928 2789 2049 2831 recte‚·

401 2853 541 2888 malim
589 2855 690 2888 certe
736 2851 992 2887 transferret.
1083 2850 1146 2884 21.
1189 2848 1397 2883 Reuersus
1443 2856 1541 2892 ergo
1588 2847 1631 2881 Α,
1723 2844 1888 2882 22-23.
1930 2843 2048 2879 verba

401 2911 610 2945 (iotharus
631 2940 635 2945 .
656 2940 660 2944 .
682 2909 836 2944 bellum
870 2918 947 2942 om.
981 2908 1025 2947 S;
1074 2906 1114 2941 in
1148 2915 1276 2950 mary.
1311 2905 1493 2950 Gatharo
1536 2905 1693 2938 lantum
1729 2903 1822 2948 post
1862 2902 2049 2936 narrauit

401 2967 491 3002 add.
526 2966 582 3010 83,
629 2967 696 3001 secl
736 2968 861 3001 cetera
903 2964 1042 2999 omnia
1078 2961 1195 2998 verba
1228 2961 1378 2996 omissa
1411 2960 1580 3006 inferius
1613 2957 1697 3007 (26)
1724 2961 1817 3004 post
1848 2957 2044 3004 effugauit

403 3025 550 3059 inserta
577 3026 678 3058 sunl.
742 3023 804 3058 23.
831 3022 936 3057 bella
957 3022 1031 3057 AS.
1107 3019 1300 3054 halandia
1321 3018 1367 3062 33
1401 3018 1656 3053 hallandiam
1676 3016 1719 3052 Α.
1785 3017 1846 3052 25.
1882 3015 1984 3061 fugit
2003 3015 2046 3051 D.

403 3082 466 3115 26.
498 3078 537 3115 in
571 3091 664 3115 eum
699 3091 777 3115 om.
814 3080 856 3115 V.
