2150 3584
348 1033 388 1063 10

348 1395 387 1425 15

347 1757 389 1787 20

346 2120 387 2150 25

418 253 500 293 280
761 260 1036 291 semprones
1069 259 1296 289 HISTomAE
1327 259 1504 289 DANICAE
1536 259 1735 290 MINORES

420 381 596 418 terreno
628 380 759 416 antro
791 388 896 416 cum
932 387 1050 428 equo
1084 378 1126 415 et
1157 386 1270 415 cane
1301 374 1578 425 tumulatum
1612 387 1717 415 cum
1750 387 1842 428 quo
1873 374 2067 415 Asmun-

417 450 503 489 dus
549 452 788 501 assumpto
846 460 1002 488 secum
1051 446 1155 488 cibo
1202 451 1387 500 propter
1433 446 1697 487 condictum
1746 447 2064 500 consepelitur.

418 521 614 573 Contigit
646 524 797 567 autem
827 520 1013 560 Ericum
1041 523 1356 560 transeuntem
1391 531 1495 559 cum
1530 518 1728 559 exercitu
1761 518 1916 559 venire
1948 519 2067 560 circa

415 594 648 634 tumulum
680 593 860 641 Aswiti3
908 593 955 632 in
988 605 1080 645 quo
1114 592 1257 633 Sweci
1290 595 1523 644 sperantes
1556 592 1826 631 thesaurum
1859 592 2067 632 inuenire

416 667 566 720 ipsum
608 665 783 719 aperire
825 665 1036 718 superius
1068 664 1361 717 inceperunt,
1408 667 1544 717 atque
1587 663 1740 716 ipsum
1783 664 2065 717 profundum

415 738 702 778 inuenientes
734 751 876 779 vnum
908 750 963 778 ex
997 750 1044 778 se
1083 737 1204 777 intro
1247 749 1353 777 cum
1387 739 1540 789 sporta
1573 735 1868 777 demiserunt.
1931 737 2066 786 Quod

416 824 520 852 cum
539 811 806 850 Asmundus
838 810 1074 863 aspiceret,
1107 822 1211 850 eum
1245 810 1300 849 de
1333 812 1487 862 sporta
1520 808 1650 849 eiecit
1675 821 1812 863 seque
1838 808 1886 848 in
1913 812 2066 862 sporta

415 883 580 937 posuit,
613 895 667 923 ac
698 895 804 923 cum
838 882 946 923 fune
979 882 1162 934 signum
1197 881 1368 922 faciens
1400 893 1426 921 a
1453 880 1823 934 suprastantibus
1846 885 1913 921 est
1941 894 2067 922 euec-

415 961 500 996 tus.
564 955 705 996 Cuius
738 955 901 996 faciem
935 954 1021 995 sibi
1052 954 1256 1006 ignotam
1289 966 1396 994 cum
1437 953 1664 1005 viderent,
1710 953 1852 994 territi
1884 953 2067 1006 aufuge·

415 1033 533 1070 runt.
611 1028 849 1069 Clamante
896 1031 1048 1068 autem
1099 1026 1197 1080 ipso
1244 1039 1336 1078 eOS,
1386 1026 1549 1067 Ericus
1595 1026 1776 1067 rediens
1823 1030 1865 1066 et
1905 1026 2067 1068 videns

414 1101 576 1142 faciem
625 1101 721 1140 eius
769 1100 1169 1152 sanguinolentam
1218 1098 1438 1153 quesiuit,
1486 1098 1589 1152 quis
1636 1103 1764 1139 esset.
1843 1098 1933 1149 Qui
1980 1099 2066 1139 sibi

415 1187 609 1214 narrans
642 1155 762 1225 <ait>,
794 1172 1032 1224 Aswitum,
1074 1171 1252 1212 socium
1286 1184 1438 1224 suum,
1478 1171 1605 1212 omni
1639 1175 1771 1212 nocte
1802 1171 2066 1212 rediuiuum

415 1258 571 1286 secum
597 1245 851 1295 colluctari;
878 1245 956 1298 qui
983 1249 1024 1285 et
1049 1244 1280 1284 sinistram
1308 1257 1466 1284 aurem
1486 1244 1573 1284 sibi
1591 1244 1851 1297 abruperat,
1883 1248 2067 1298 propter

414 1319 537 1373 quod
579 1318 957 1370 sanguinolentus
999 1317 1045 1357 in
1084 1317 1198 1357 facie
1237 1317 1491 1358 videbatur.
1570 1317 1757 1371 Iamque
1804 1317 1976 1357 Frotho
2019 1317 2065 1357 in

418 1391 607 1443 Halogie
653 1391 767 1431 fines
815 1403 921 1430 cum
969 1391 1113 1430 classe
1162 1389 1285 1430 venit
1331 1394 1467 1444 atque
1513 1389 1682 1430 durum
1741 1389 1913 1429 bellum
1959 1402 2066 1429 cum

416 1464 593 1504 Noricis
624 1468 717 1504 tota
750 1463 822 1503 die
855 1476 997 1517 vsque
1030 1463 1086 1502 ad
1120 1466 1301 1503 noctem
1335 1462 1434 1514 egit.
1480 1462 1695 1502 Diluculo
1728 1474 1833 1502 cum
1867 1462 2065 1502 exercitu

416 1536 680 1590 superuenit
700 1536 874 1584 Ericus,
908 1546 1154 1587 suggerens
1186 1535 1279 1587 regi
1306 1535 1478 1575 bellum
1505 1535 1788 1585 iterandum,
1821 1547 1913 1588 quo
1945 1534 2065 1575 bello

414 1613 539 1649 tanta
573 1609 811 1649 Danorum
844 1612 1014 1660 strages
1048 1608 1164 1648 facta
1197 1612 1276 1660 est,
1308 1612 1353 1648 vt
1385 1608 1440 1648 de
1472 1607 1619 1648 tribus
1652 1607 1841 1647 milibus
1872 1606 2063 1647 nauium

415 1682 508 1722 sole
553 1694 688 1722 .CLxx.
730 1684 1040 1734 superessent3
1090 1679 1243 1720 Norici
1290 1693 1396 1721 vero
1444 1680 1506 1720 ita
1552 1680 1685 1721 deleti
1733 1683 1852 1732 sunt,
1900 1683 1946 1720 vt
1991 1679 2066 1720 vix

416 1754 574 1807 quinta
608 1768 713 1807 pars
745 1754 866 1794 illius
900 1753 1044 1805 gentis
1075 1752 1352 1793 remansisse
1385 1744 1655 1793 crederetur.

499 1827 636 1868 XVII.
692 1826 829 1878 Igitur
860 1826 1005 1867 victor
1039 1826 1225 1877 Frotho,
1258 1837 1419 1878 pacem
1452 1829 1494 1866 et
1525 1825 1680 1866 ocium
1714 1824 1932 1866 omnibus
1964 1836 2066 1876 gen-

413 1899 548 1948 tibus,
595 1912 709 1953 quas
750 1899 925 1951 habuit,
971 1898 1119 1938 facere
1159 1898 1362 1950 cupiens,
1409 1897 1640 1938 armillam
1680 1910 1818 1939 vnam
1860 1897 1906 1936 in
1938 1910 2065 1950 rupe,

413 1985 552 2025 quam
582 1971 829 2012 Frothouis
860 1975 1035 2025 petram
1071 1970 1323 2020 nominant,
1357 1971 1547 2011 alteram
1580 1971 1704 2024 apud
1724 1970 1863 2022 Wiik,
1896 1982 2065 2010 conuo-

414 2044 525 2084 catis
558 2044 757 2096 Noricis,
804 2043 962 2097 affixit,
1009 2043 1192 2084 minans
1232 2056 1279 2083 se
1317 2043 1521 2084 vlturum
1562 2043 1609 2083 in
1649 2055 1809 2083 omnes
1843 2041 2065 2095 prefectos

416 2117 671 2169 Norwegie,
719 2116 756 2156 si
794 2116 901 2157 inde
940 2116 1238 2157 auferrentur.
1303 2115 1467 2156 Statuit
1498 2115 1663 2167 eciam,
1708 2119 1752 2156 vt
1794 2117 2063 2167 nauigantes

415 2188 675 2242 Vbicunque
730 2189 921 2242 repertis
973 2189 1111 2229 remis
1171 2188 1291 2229 licite
1337 2188 1608 2229 fruerentur.
1683 2190 1911 2241 Ampnem
1957 2200 2064 2228 vero

414 2261 672 2302 transituris
705 2274 838 2302 vsum
872 2261 990 2314 equi,
1024 2274 1162 2315 quem
1195 2261 1458 2315 proximum
1492 2261 1611 2302 vado
1640 2260 1929 2314 reperissent,
1961 2259 2064 2300 libe-

501 2379 537 2416 5.
577 2379 715 2426 ipsum
754 2379 965 2415 tumulum
1004 2390 1094 2425 sup.
1127 2379 1293 2425 aperire
1325 2382 1529 2425 ceperunt
1560 2379 1637 2414 AS.
1729 2379 1764 2415 6.
1807 2377 2067 2413 demiserunt

413 2435 558 2482 scripsi
597 2447 645 2472 ex
682 2436 862 2482 Saxone,
908 2436 1159 2472 dimiserunt
1201 2436 1314 2473 codd.
1404 2436 1526 2480 Quod
1564 2435 1701 2481 codd.;
1750 2434 1892 2471 malim
1933 2434 2064 2478 Quem

414 2495 520 2537 (cum
551 2493 736 2538 Saxone).
801 2495 836 2531 8.
869 2494 1012 2540 posuit
1043 2504 1120 2530 om.
1156 2494 1199 2530 D.
1276 2493 1434 2529 faciens
1467 2504 1515 2529 ac
1547 2504 1569 2529 a
1602 2504 1632 2529 s.
1664 2493 1704 2529 S.
1779 2495 1989 2528 extractus
2021 2491 2065 2527 A.

415 2551 449 2587 9.
482 2551 629 2586 faciem
664 2561 740 2588 om.
774 2552 825 2596 A;
872 2551 989 2587 Onus
1028 2551 1109 2587 sibi
1149 2552 1387 2597 ignotum(!)
1421 2550 1461 2587 S.
1552 2550 1748 2587 viderunt
1780 2550 1823 2585 A.
1914 2548 2064 2595 affuge-

414 2610 512 2643 runt
543 2609 585 2644 A.
651 2609 712 2644 10.
743 2608 836 2655 ipso
867 2608 1026 2654 scripsi,
1061 2611 1156 2655 post
1188 2608 1312 2653 codd,
1347 2607 1531 2643 inaudito
1563 2606 1754 2654 loquendi
1781 2616 1938 2652 yenere.
2016 2615 2064 2641 ac

414 2665 559 2701 videns
578 2665 617 2701 S.
682 2666 730 2701 12
762 2666 818 2702 ait
836 2665 986 2701 addidi.
1051 2665 1113 2702 13.
1130 2665 1574 2711 obru(m)pebatA(S).
1641 2665 1702 2701 14.
1728 2665 1769 2700 in
1789 2664 1893 2700 facie
1911 2673 1990 2699 0111.
2012 2663 2065 2708 D;

414 2722 743 2768 sangwinolenta
776 2722 881 2759 facie
912 2724 956 2759 A.
1049 2723 1220 2769 Iamque
1251 2722 1378 2767 Saae03
1428 2722 1572 2769 ltaque
1604 2722 1724 2767 VAS3
1772 2722 1832 2757 Ita
1871 2720 1983 2767 quod
2019 2720 2064 2755 D.

417 2780 478 2815 18.
526 2782 586 2815 est
633 2779 739 2815 facta
787 2780 826 2817 S.
920 2781 979 2816 19.
1027 2781 1169 2826 itaque
1215 2779 1338 2816 deleti
1388 2782 1429 2815 vt
1474 2781 1518 2815 A.
1615 2779 1679 2815 20.
1729 2778 1942 2814 videretur
1987 2776 2063 2812 AS.

416 2837 477 2872 21.
528 2837 684 2872 Frotho
732 2838 865 2873 victor
911 2838 955 2873 D.
1047 2837 1213 2873 21—22.
1260 2840 1365 2882 gent.
1413 2836 1487 2873 fac.
1535 2847 1628 2883 cup.
1675 2847 1780 2882 quas
1828 2835 1974 2870 habuit
2021 2833 2061 2870 S.

415 2894 477 2930 22.
511 2894 551 2929 in
585 2905 690 2940 rupe
724 2895 783 2930 Ro
824 2895 899 2938 (ch
932 2895 1003 2939 Bo)
1035 2896 1078 2931 A.
1164 2894 1227 2930 23.
1262 2894 1481 2929 nominant
1510 2894 1637 2939 de03
1685 2893 1921 2929 nominauit
1951 2890 2063 2926 codd.

415 2951 494 2986 wik
527 2952 602 2987 AS.
670 2951 732 2987 25.
767 2951 1011 2988 auferentur
1044 2952 1163 2996 DVA,
1195 2952 1287 2987 ilem
1322 2950 1380 2994 Sl,
1412 2951 1481 2986 sed
1507 2961 1586 2996 pro
1617 2950 1694 2988 hoc
1724 2950 1849 2985 deleto
1881 2948 2062 2984 auferre-

414 3010 609 3053 renturo)
641 3009 682 3044 in
714 3019 843 3054 mal-9.
878 3008 936 3044 S2.
1013 3010 1075 3046 26.
1110 3008 1289 3054 receptis
1323 3009 1366 3045 V.
1455 3008 1566 3044 licite
1597 3019 1674 3044 om.
1707 3007 1784 3043 AS.
1859 3008 2061 3052 Ampnem

416 3075 513 3100 vero
554 3065 581 3100 S
623 3065 779 3111 (Saae0);
825 3067 998 3101 Amnem
1039 3066 1145 3103 vado
1187 3066 1280 3111 DV;
1326 3065 1504 3111 Impune
1551 3075 1651 3102 vero
1692 3068 1732 3100 et
1770 3063 1974 3109 vadum(!)
2017 3063 2062 3098 A.

417 3123 480 3158 27.
515 3124 740 3168 reperisset
770 3123 845 3160 AS.
