2150 3584
676 210 935 239 CHRONICON
971 211 1237 240 LETHRENSE
1719 203 1769 241 47

130 325 331 378 quodam
380 325 565 374 Lethre;
628 328 728 377 post
781 324 911 364 cuius
966 324 1141 364 obitum
1200 325 1348 377 partiti
1397 330 1501 365 sunt
1551 326 1625 378 tilij
1676 326 1772 366 eius

130 409 318 450 regnum
362 397 488 446 illud,
535 397 579 436 in
621 397 736 437 duas
780 402 928 449 partes
960 397 1229 437 (liuidcntes.
1293 398 1413 437 Alter
1447 402 1600 450 terrem,
1649 411 1772 439 mare

131 470 331 523 possedit
362 470 485 510 alter.

217 588 286 629 IV.
356 550 515 628 Rexit
538 588 689 642 itaque
715 592 855 628 terras
882 588 1120 628 Haldanus
1146 592 1187 628 et
1210 588 1362 639 genuit
1395 588 1553 639 lilium,
1588 590 1772 629 nomine

130 660 400 711 Siwardum,
447 661 720 712 cognomine
758 661 947 707 Album;
995 661 1072 714 qui
1115 664 1289 713 patrem
1331 673 1465 700 suum
1510 662 1769 701 Haldanum
1799 668 1817 696 ἴ·

129 737 362 773 mortuum
394 733 643 773 tumulauit
676 734 850 774 Lethre.
912 733 1040 784 Helgi
1072 737 1223 773 autem
1258 746 1335 773 rex
1368 737 1460 773 erat
1495 734 1700 773 marinus
1733 739 1774 774 et

128 805 297 845 multos
323 806 380 845 ad
406 818 452 846 se
478 805 613 845 traxit
640 806 888 858 maleficos,
917 805 1071 845 nauali
1097 806 1216 845 bello
1243 805 1356 845 bene
1381 809 1535 858 aptus3
1568 806 1773 846 diuersas

127 882 290 930 partes,
318 878 542 931 quasdam
568 891 691 931 pace,
715 879 939 932 quasdam
966 880 1108 917 autem
1134 877 1308 930 piratio,
1340 877 1504 930 petisse
1531 878 1771 930 pel-inetur.

128 950 353 1002 Tempore
386 950 519 1001 igitur
550 951 751 1004 quodam
786 950 1090 1002 contingebat,
1139 954 1186 990 ut
1225 949 1434 1001 indigens
1477 954 1608 1003 portu
1645 950 1772 1002 Helgi

127 1022 251 1062 uenit
283 1023 340 1062 ad
372 1026 556 1075 portum
588 1024 820 1077 quendam
853 1023 976 1063 iuxta
1012 1022 1201 1074 Laland,
1248 1023 1396 1062 lassus
1436 1022 1646 1074 remigio;
1695 1023 1771 1063 ubi

128 1107 206 1147 per
251 1098 340 1135 tres
387 1099 542 1135 noctes
588 1095 631 1135 in
682 1107 819 1148 regno
867 1095 1017 1135 fratris
1063 1095 1304 1148 quiescens
1351 1107 1454 1135 cum
1501 1095 1772 1135 exercitibus

127 1166 235 1217 suis,
273 1166 477 1219 tentorijs
508 1167 554 1207 in
587 1171 703 1207 terra
739 1168 934 1207 extensis
969 1180 1072 1207 cuni
1107 1180 1231 1220 pace,
1272 1167 1445 1207 carnali
1478 1171 1637 1220 captus
1669 1180 1772 1208 eou-

127 1238 414 1292 cupisceucia
449 1240 613 1280 milites
646 1240 737 1292 regi
770 1244 923 1293 aptam
958 1239 1218 1293 quesituros
1250 1240 1450 1292 puellam
1485 1240 1631 1280 mittit.
1682 1240 1770 1290 Qui

127 1311 366 1351 cuiusdam
394 1312 579 1352 baronis
605 1311 800 1352 Rolfcarl
826 1312 982 1364 filiam,
1014 1312 1201 1352 nomine
1219 1312 1436 1359 Thoram,
1470 1317 1771 1366 prosequente

127 1388 252 1436 patre
275 1384 366 1436 regi
391 1386 638 1425 adducunt.
684 1384 784 1434 Que
807 1385 864 1425 ab
889 1384 966 1424 illo
992 1384 1234 1425 fecundata
1262 1385 1556 1438 postmodum
1582 1385 1769 1438 protulit

127 1456 282 1504 filiam,
330 1470 468 1510 quam
518 1457 731 1497 Ursulam
780 1457 1051 1497 nominauit.
1126 1458 1216 1497 Rex
1263 1470 1447 1511 quoque
1492 1457 1620 1509 Helgi
1667 1457 1772 1497 inde

128 1530 378 1581 procedens
410 1529 616 1569 diuersas
648 1530 765 1582 cepit
797 1534 977 1570 uastare
1010 1529 1227 1581 regiones.
1284 1529 1481 1581 Contigit
1513 1529 1691 1577 iterum,
1724 1534 1771 1569 ut

128 1604 229 1653 post
260 1601 428 1641 multos
461 1614 608 1642 annos
639 1601 758 1642 idem
796 1602 938 1654 Helgi,
986 1602 1137 1655 portui
1177 1602 1379 1655 predicto
1412 1603 1616 1649 iniectus,
1665 1602 1770 1642 facti

218 1734 249 1770 1.
281 1733 439 1769 laethrae
472 1734 516 1770 C.
597 1735 702 1770 1-3.
738 1735 879 1780 partiti
917 1738 1014 1771 sunt
1049 1744 1221 1780 regnum
1257 1735 1342 1780 filii,
1373 1735 1486 1781 quod
1520 1735 1560 1770 in
1594 1735 1630 1770 d.
1666 1746 1701 1781 p.
1735 1736 1771 1770 (1.

128 1789 232 1826 alter
264 1794 407 1834 terras,
439 1791 543 1827 alter
574 1802 688 1827 mare
720 1791 964 1838 possidebat
996 1791 1041 1828 C.

213 1863 317 1909 Cap.
362 1864 430 1899 lv.
511 1864 545 1899 4.
595 1864 712 1899 Rexit
758 1864 899 1910 itaque
944 1867 1078 1900 terras
1125 1864 1323 1900 hildanus
1369 1865 1422 1910 Α;
1469 1864 1586 1900 Rexit
1632 1865 1771 1910 itaque

132 1919 346 1956 Haldanus
373 1922 422 1965 E;
457 1921 538 1956 Rex
562 1921 702 1967 itaque
728 1921 944 1957 Haldanus
969 1922 1019 1957 M.
1085 1923 1119 1957 5.
1153 1921 1400 1968 Sywardum
1428 1921 1461 1957 C
1539 1921 1701 1957 Haldan
1727 1922 1770 1957 A.

129 1976 162 2012 6.
195 1973 443 2014 ΙΊωηιΗειιιίἱ
473 1975 710 2014 (mortuum
743 1979 876 2014 lethre
906 1979 956 2023 Α;
989 1979 1148 2015 laethrae
1180 1983 1278 2014 tuni.
1312 1983 1430 2014 mort.
1465 1978 1510 2014 C.
1576 1979 1609 2014 7.
1643 1978 1693 2013 ad
1727 1990 1769 2014 se

128 2035 251 2070 traxit
283 2035 370 2080 AE;
416 2036 596 2071 adtraxit
629 2036 666 2070 M
757 2039 879 2083 aptus
912 2037 962 2081 Α;
1010 2036 1187 2082 adeptus
1219 2036 1252 2072 C
1289 2035 1459 2084 (puncto
1499 2038 1590 2071 ante
1631 2036 1767 2071 nauali

124 2091 256 2136 posito
287 2095 443 2138 etpost
471 2093 648 2139 adeptus
680 2091 829 2141 deleto).
906 2094 940 2129 8.
973 2099 1023 2129 au
1056 2093 1205 2140 piratia
1244 2093 1405 2139 scripsi3
1452 2099 1499 2129 cu
1534 2093 1685 2139 pietate
1717 2093 1770 2135 Ᾱ;

127 2153 176 2184 εὖ
215 2149 366 2195 pietate
413 2150 546 2186 classe
594 2150 627 2186 C
681 2149 831 2198 (classe
875 2150 1022 2186 scilicet
1067 2150 1367 2195 interpolatoris
1414 2151 1651 2185 coniecturw
1694 2161 1769 2195 pro

126 2209 314 2252 corrupto
356 2207 506 2253 pietate
547 2205 743 2254 debetur);
789 2219 883 2243 cum
919 2208 1092 2254 piratica
1126 2207 1258 2243 classe
1293 2207 1515 2252 Lanqebelc.
1578 2207 1612 2243 9.
1645 2207 1771 2252 igitur

128 2262 177 2308 A;
209 2273 306 2310 ergo
334 2264 367 2300 C
451 2264 633 2311 quodam
667 2275 744 2300 0111.
777 2264 811 2300 C
899 2267 943 2300 ut
972 2275 1051 2301 om.
1078 2264 1123 2309 C,
1155 2265 1193 2300 et
1221 2263 1356 2300 abesse
1384 2267 1522 2310 polest.
1592 2265 1650 2300 10.
1679 2266 1770 2310 pos!

127 2321 339 2365 quendam
379 2332 490 2357 voees
528 2332 630 2368 paee
672 2322 875 2367 quasdam
916 2322 1034 2357 iterat
1066 2322 1116 2357 M.
1208 2321 1432 2357 lalandiam
1468 2321 1501 2358 C
1592 2321 1661 2356 ubi
1696 2332 1770 2367 per

127 2376 178 2421 Ag
210 2377 265 2413 ibi
299 2378 343 2415 C.
409 2379 469 2416 11.
503 2379 642 2414 fratris
674 2379 738 2414 sui
773 2379 809 2413 Μ
901 2379 1170 2424 requiescens
1204 2378 1247 2415 C.
1315 2379 1372 2414 12.
1403 2381 1494 2424 pos!
1526 2389 1627 2424 pace
1661 2378 1700 2413 in
1736 2378 1769 2414 C

127 2433 217 2470 add.
250 2436 491 2473 commouit.
556 2436 646 2479 Qui,
691 2435 760 2471 ubi
789 2436 1021 2471 commouit
1053 2446 1101 2471 ex
1132 2438 1380 2479 commotus,
1422 2436 1537 2473 varia
1569 2435 1768 2481 scriptura

129 2493 233 2527 vocis
274 2496 432 2539 captus,
479 2495 611 2528 ortum
652 2504 733 2528 esse
771 2495 807 2528 et
844 2492 1148 2538 interpolationi
1186 2503 1332 2528 ansam
1378 2492 1598 2538 prwbnisse
1643 2492 1769 2528 credo.

132 2547 192 2584 13.
227 2550 334 2596 regis
368 2551 397 2585 E
487 2550 667 2597 puellam
713 2561 789 2585 oni.
823 2549 867 2586 C.
947 2550 1006 2585 14.
1041 2550 1212 2585 baronis
1253 2560 1330 2585 om.
1374 2550 1418 2586 C.
1479 2550 1642 2597 (Fuerat
1678 2548 1769 2594 fort.

128 2605 323 2654 b6donis;
357 2607 398 2643 in
425 2608 457 2642 V
490 2608 626 2653 aliquo
658 2608 743 2642 loco
767 2609 838 2642 est:
873 2607 1082 2642 Rolfkarls
1108 2607 1256 2651 daettir,
1288 2607 1395 2643 thaer
1427 2618 1477 2643 en
1511 2606 1638 2642 bondi
1672 2605 1771 2653 var.)

130 2662 226 2699 Rolf
262 2664 359 2700 Karl
400 2664 433 2700 C
523 2665 662 2700 Thora
706 2664 875 2700 nomine
917 2664 967 2708 E;
1012 2664 1165 2699 Thorae
1209 2664 1378 2699 nomine
1411 2665 1460 2699 M.
1540 2665 1600 2699 15.
1636 2663 1771 2698 fecon-

129 2720 222 2755 data
255 2721 305 2765 Α;
352 2721 529 2757 fecunda
563 2722 600 2757 M
693 2721 867 2768 protulit
903 2721 990 2756 sine
1020 2720 1142 2756 dubio
1173 2718 1317 2758 habuit
1347 2721 1610 2767 ai·c·l1elypns,·
1656 2720 1770 2755 cuius

130 2776 481 2822 interpretamenta
513 2781 608 2814 sunt
639 2779 801 2825 peperit
834 2778 882 2822 Ᾱ;
918 2778 1092 2824 protulit
1124 2777 1251 2813 edens
1284 2777 1328 2814 C.
1394 2779 1454 2813 16.
1488 2777 1682 2814 Ursulum
1717 2777 1771 2815 Α;

129 2833 273 2870 Yrsam
307 2834 352 2871 C.
417 2836 475 2872 17.
509 2836 625 2871 Cont.
657 2840 794 2871 autem
829 2836 978 2870 iterum
1006 2834 1050 2871 C.
1115 2835 1176 2870 18.
1213 2835 1366 2870 multos
1399 2846 1531 2870 anuos
1556 2835 1606 2873 Ᾱ;
1640 2834 1767 2869 multa

131 2901 335 2927 annorum
374 2893 584 2928 curricula
617 2893 663 2933 C,
708 2894 893 2938 sequente
931 2892 1057 2937 quod,
1101 2892 1182 2928 scil.
1225 2892 1337 2928 varia
1369 2892 1569 2938 scriptura
1599 2902 1675 2936 pro
1709 2894 1769 2929 ut:

130 2957 176 2981 ac
213 2948 303 2993 fieri
336 2951 474 2994 potest,
524 2951 566 2985 ut
602 2949 844 2995 archetypus
885 2948 1087 2984 habuerit:
1135 2949 1251 2985 Cont.
1299 2949 1449 2985 iterum
1498 2952 1592 2994 post
1640 2948 1768 2983 multa

131 3014 336 3041 annorum
369 3006 592 3051 curricula,
623 3007 736 3052 quod
770 3007 878 3042 idem
914 3006 960 3041 H.
1050 3005 1180 3041 isdem
1209 3007 1239 3041 E
1330 3006 1468 3052 portui
1503 3005 1688 3051 predicte
1722 3005 1769 3045 Ε;

130 3063 253 3106 portu
286 3063 471 3108 predicte
506 3063 555 3099 Μ.

1802 1031 1841 1060 10

1799 1393 1838 1422 15
