2150 3584
69 1217 109 1248 10

67 1581 106 1612 15

66 1943 108 1975 20

68 2307 108 2338 25

70 2669 110 2701 30

278 223 496 253 stNONJS
528 224 719 253 AGGONIS
753 224 855 252 F1L11
890 225 1048 254 BREvis
1083 225 1292 254 His‘ronm
1328 227 1475 255 REGVM
1513 228 1643 256 meib:
1709 220 1785 257 113

942 338 980 399 S

849 446 972 486 CAP.
1007 447 1079 486 VI.

233 518 421 596 Interea
469 552 621 605 regina
672 565 750 606 per
798 552 1068 593 uniuersum
1120 565 1309 605 regnum
1353 555 1551 595 edictum
1592 557 1791 609 promul-

135 625 271 678 gauit,
304 629 354 666 ut
384 625 523 666 totius
555 625 678 677 regni
715 625 961 666 uniuersus
993 625 1194 678 populus
1226 630 1492 678 corrogatus
1528 641 1617 668 una
1648 642 1788 682 prope

136 697 390 739 Slesuicum
438 698 726 747 conueniret3
783 710 1056 752 omnesque,
1112 711 1310 752 quorum
1359 699 1405 739 in
1452 711 1590 752 regno
1641 706 1790 741 essent

135 770 382 823 domicilia,
414 770 611 823 ingentis
644 770 754 811 ualli
787 770 972 822 molem,
1005 770 1136 811 cuius
1169 771 1360 811 celerius
1395 774 1654 813 exstruendi
1687 787 1789 814 con-

135 842 287 884 silium
321 843 528 896 cepisset,
565 842 763 897 propriis
795 843 927 884 iussit
959 843 1177 884 manibus
1211 844 1459 885 elaborare.
1526 845 1632 886 Illos
1667 860 1788 897 uero,

134 929 250 971 quos
281 916 346 957 rei
376 915 617 956 familiaris
649 915 838 968 urgebat
869 915 1041 969 inopia,
1085 928 1250 957 census
1282 916 1398 957 fouit
1430 917 1651 970 subsidio,
1694 920 1789 959 tali-

134 1001 221 1044 que
253 988 379 1042 operi
412 988 656 1042 pecuniam
690 988 918 1040 erogabat,
963 1002 1102 1042 quam
1145 989 1251 1029 dolo
1293 989 1632 1043 impetrauerat.
1696 992 1789 1033 Nec

134 1061 350 1115 cuiquam
383 1073 430 1101 se
462 1060 718 1114 excipiendi
750 1061 1090 1114 prerogatiuam
1122 1061 1389 1115 impertiuit‚
1429 1062 1540 1116 quin
1582 1063 1788 1117 iuuenes,

134 1147 264 1175 senes
311 1137 353 1174 et
398 1133 541 1174 adulti
588 1133 854 1188 cunctique,
911 1147 1028 1188 quos
1083 1134 1156 1175 uel
1211 1134 1405 1175 infantia
1451 1135 1649 1176 tenerior
1695 1150 1787 1178 non

135 1206 388 1260 impediret,
435 1206 508 1247 uel
557 1206 671 1246 senii
718 1205 921 1247 defectus
968 1220 1061 1248 non
1108 1206 1386 1260 prohiberet,
1436 1208 1563 1261 operi
1615 1209 1789 1262 prefato

133 1279 412 1320 insudarent.
505 1278 687 1333 Quippe
742 1279 857 1320 adeo
914 1279 1163 1321 necessitas
1210 1279 1494 1334 obsequendi
1545 1281 1788 1322 uniuersos

133 1352 334 1405 urgebat,
381 1355 430 1392 ut
462 1364 636 1404 omnes,
668 1350 833 1392 diuites
873 1355 915 1392 et
957 1365 1196 1406 pauperes,
1239 1352 1337 1393 eius
1376 1352 1495 1404 agris
1539 1357 1581 1393 et
1619 1354 1789 1407 prediis

133 1425 374 1477 culturam,
420 1428 642 1479 tanquam
690 1424 857 1477 coloni,
904 1424 1234 1478 impenderent.
1314 1425 1432 1465 Nam
1481 1430 1618 1479 prout
1663 1427 1788 1478 regni

132 1497 334 1550 regimen
366 1496 578 1549 obtinuit,
626 1496 687 1537 ita
724 1500 834 1538 tunc
866 1498 1086 1552 temporis
1118 1497 1384 1538 uniuersam
1419 1498 1544 1550 regni
1577 1499 1785 1539 tellurem

132 1581 258 1624 reges
288 1570 386 1611 iure
418 1568 613 1610 dominii
645 1569 956 1622 possidebant.
1021 1570 1225 1610 Menium
1259 1570 1412 1624 itaque
1446 1571 1600 1623 Thyra
1636 1571 1783 1624 prima

133 1642 384 1684 construxit
440 1641 854 1694 elegantissimum,
916 1644 1040 1697 quod
1087 1643 1385 1696 postmodum
1433 1643 1597 1695 Danis,
1660 1644 1784 1684 uelut

132 1715 346 1768 indagine
406 1714 617 1766 inclusis,
679 1727 704 1754 a
761 1715 1010 1756 Teotonica
1070 1715 1196 1756 rabie
1257 1715 1539 1756 tutissimum
1604 1729 1784 1769 semper

134 1787 372 1828 munimen
407 1787 561 1828 extitit.

219 1860 302 1902 Cui
334 1860 446 1900 dum
478 1861 677 1901 duorum
711 1860 801 1901 iam
836 1873 1065 1901 annorum
1099 1874 1287 1914 operam
1320 1861 1632 1914 impendisset,
1672 1862 1781 1901 tanti

133 1932 299 1974 edificii
345 1931 535 1973 celebris
581 1932 703 1973 fama
750 1934 807 1973 ad
857 1946 990 1974 aures
1034 1933 1303 1974 conuolauit
1350 1933 1657 1986 imperatoris3
1705 1934 1783 1987 qui

133 2009 370 2059 propterea
416 2005 586 2057 legatos
632 2005 797 2046 iterum
844 2005 890 2046 in
940 2006 1130 2046 Daciam
1179 2006 1447 2057 destinauit,
1495 2006 1573 2059 qui
1620 2006 1783 2046 callide

133 2080 521 2132 percontarentur,
567 2077 729 2132 utquid
770 2078 926 2130 regina
958 2078 1036 2119 tali
1069 2079 1304 2119 insudaret
1338 2078 1477 2131 operi,
1525 2078 1562 2118 si
1596 2082 1781 2131 pactum

133 2150 306 2192 uiolare
349 2163 442 2191 non
484 2150 732 2191 moliretur.
797 2150 880 2191 Cui
923 2151 1078 2203 regina
1120 2151 1420 2191 disertissima
1460 2151 1548 2191 tale
1587 2150 1784 2190 reddidit

132 2235 425 2276 responsum:
464 2222 605 2263 »Satis
622 2223 839 2263 admirari
858 2236 951 2264 non
970 2224 1116 2275 ualeo,
1143 2236 1223 2264 cur
1249 2228 1341 2263 tam
1362 2223 1525 2264 eximie
1544 2222 1782 2275 prudentie

134 2296 359 2349 princeps,
406 2295 535 2335 cuius
575 2296 793 2335 thronum
836 2297 891 2335 ad
934 2296 1081 2336 sidera
1124 2296 1266 2336 ferme
1311 2296 1470 2336 diuina
1513 2295 1783 2335 sublimauit

134 2367 288 2420 gratia,
335 2367 505 2421 quique
545 2367 737 2408 consilio
781 2368 1178 2421 perspicacissimo
1225 2372 1289 2409 tot
1335 2368 1537 2420 gentium
1586 2367 1781 2407 feritates

135 2453 217 2481 suo
260 2439 523 2491 subiugauit
564 2440 771 2493 imperio,
819 2440 875 2480 ab
922 2440 1075 2493 inepta
1123 2440 1313 2480 muliere
1353 2440 1565 2492 dignatur
1604 2440 1783 2480 consilii

135 2512 492 2565 profunditatem
538 2512 708 2553 rimari.
802 2513 942 2553 Suam
999 2513 1165 2553 etenim
1213 2526 1305 2553 non
1354 2512 1549 2553 arbitror
1597 2512 1782 2552 latuisse

136 2585 380 2637 solertiam,
410 2585 533 2639 quod
558 2589 599 2625 et
621 2589 771 2625 uestra
797 2586 887 2625 iam
915 2584 1073 2625 didicit
1097 2585 1388 2638 experientia,
1422 2584 1782 2625 commeantium

136 2657 339 2710 peditum
372 2657 670 2711 equitumque
701 2658 758 2697 ad
791 2671 875 2698 nos
908 2670 1137 2711 nusquam
1172 2661 1323 2710 patere
1363 2658 1539 2698 aditum
1583 2657 1670 2697 nisi
1703 2670 1782 2710 per

138 2729 303 2770 modici
347 2729 496 2783 campi
537 2729 796 2782 planitiem3
844 2730 915 2769 cui
955 2729 1047 2769 iam
1091 2729 1417 2770 immanissimi
1451 2730 1572 2770 muri
1605 2729 1780 2770 obicem

138 2899 287 2944 sidera,
332 2900 404 2946 cfr.
444 2899 584 2946 Veryil.
624 2900 758 2947 Ecloq.
802 2901 838 2946 9,
867 2900 918 2935 27
943 2910 1052 2946 sqq.‚·
1096 2900 1302 2937 Ammian.
1343 2900 1516 2936 Marcell.
1559 2900 1636 2938 XV.
1682 2900 1716 2945 8,
1747 2900 1780 2935 2.

137 2957 309 3001 gradum
336 2956 431 3006 (pro
463 2956 534 3002 g—fa
568 2956 664 3005 dfio.
726 2958 789 2993 28.
815 2957 929 3003 quod
958 2968 1088 3003 quum
1121 2958 1212 2993 iura
1243 2956 1340 3004 (pro
1366 2956 1469 2994 ffii.
1534 2958 1699 2993 29—30.
1730 2957 1781 2992 ad

140 3023 214 3049 nos
247 3025 454 3060 nusquam
489 3017 630 3061 patere
662 3015 703 3050 in
734 3014 833 3063 (pro
866 3011 918 3061 ni)
950 3014 1087 3060 primo
1121 3015 1203 3050 dici
1236 3016 1384 3061 campi.

206 3162 307 3192 Script.
329 3163 394 3186 hist.
416 3163 485 3186 Dan.
507 3164 640 3186 minores.
1556 3152 1574 3180 S
