2150 3584
557 187 851 216 COMPENDIVM
886 187 1085 216 SAXOle.
1135 189 1217 217 ΜΒ.
1252 189 1274 217 x
1654 181 1736 221 355

177 301 276 342 1111.
341 301 569 342 Haraldus
608 302 726 341 duos
767 301 884 341 filios
916 314 968 342 ex
1001 303 1188 355 Gyritlia
1223 304 1419 353 sustulit,
1469 305 1733 359 Haquinum

89 377 130 414 et
148 373 440 421 Swenonem;
474 385 672 427 quorum
703 374 944 427 Haquinus
973 372 1104 426 lol'lge
1136 375 1276 415 alium
1313 377 1595 428 precellebat.
1646 379 1734 428 Qui

89 445 281 486 Sembos
327 457 579 498 aggressus,
626 457 730 485 curn
781 445 945 485 milites
993 459 1100 486 suos
1147 447 1304 488 timere
1349 449 1531 499 videret,
1579 451 1733 490 omnia

88 518 271 570 nauigia
319 518 585 568 combussit,
633 522 677 558 vt
724 518 793 559 vel
841 518 906 557 sic
952 518 1124 558 sortiter
1171 520 1462 567 dimicai·ent;
1524 523 1645 575 quod
1696 526 1736 562 et

89 590 256 630 factum
293 594 371 631 est.
435 591 551 630 Nam
585 603 745 630 omnes
780 603 928 630 mares
960 590 1239 643 occiderunt,
1281 592 1474 632 feminas
1507 607 1611 634 vero
1650 595 1735 634 sibi

88 662 259 703 nubere
283 667 545 715 coegerunt3
579 667 762 716 propter
791 663 913 716 quod
945 676 1034 703 non
1062 662 1225 704 iniuste
1252 664 1404 704 Sembi
1433 676 1575 715 genus
1600 679 1733 706 suum

87 747 111 774 a
147 734 289 774 Danis
321 739 577 775 numerant.
636 735 761 775 Adeo
793 739 945 775 autem
983 736 1100 776 Dani
1133 736 1340 788 captiuas
1373 742 1659 788 amauerunt,
1692 745 1737 778 vt

88 806 233 858 magis
265 807 326 847 ibi
360 820 464 848 cum
499 807 562 847 eis
592 820 776 847 manere
800 820 939 861 quam
966 808 1212 860 repatriare
1240 809 1464 849 volebant.
1485 833 1538 837 —
1558 810 1735 850 Mortua

87 883 238 920 autem
273 883 338 920 est
370 880 550 933 Thyrae,
598 879 770 919 Danice
803 879 1053 920 maiestatis
1085 884 1235 934 caput,
1282 894 1420 935 quam
1467 885 1558 922 tota
1592 883 1735 935 patria

87 952 366 1005 deplorabat.
430 952 571 993 Cuius
610 964 778 1004 corpus
819 952 1048 993 Haraldus
1094 953 1481 1006 sollempnissime
1526 958 1733 994 curatum

86 1024 132 1064 in
175 1024 290 1064 colle
331 1037 422 1064 uon
466 1024 598 1075 longe
637 1037 661 1064 a
701 1024 841 1077 patris
887 1024 1066 1064 tumulo
1110 1026 1380 1075 tumulauit3
1428 1031 1624 1080 suntque
1672 1027 1734 1066 illi

87 1097 179 1137 duo
211 1097 349 1137 colles
380 1096 427 1136 in
458 1096 620 1148 Jeling‚
653 1096 769 1137 inter
800 1110 915 1150 quos
948 1097 1040 1136 iam
1073 1101 1137 1137 est
1171 1098 1359 1138 ecclesia
1393 1102 1666 1139 constructa.

172 1170 222 1210 V.
275 1169 368 1209 Nec
400 1168 589 1209 silencio
621 1169 991 1222 pretereundum,
1024 1170 1147 1223 quod
1181 1170 1270 1210 iam
1307 1170 1523 1223 sequitur.
1573 1171 1735 1211 Tokko

87 1241 275 1296 quidam
302 1241 432 1282 miles
453 1241 641 1281 Haraldi
669 1245 852 1294 propter
884 1241 1157 1294 probitatem
1192 1255 1323 1282 suam
1357 1243 1526 1283 multos
1559 1244 1736 1283 emulos

87 1314 298 1354 habebat.
351 1314 436 1354 Hic
469 1314 608 1354 semel
641 1326 796 1354 coram
831 1313 967 1354 sociis
999 1314 1112 1354 dixit
1144 1314 1189 1354 in
1222 1314 1455 1366 conuiuio,
1489 1328 1535 1354 se
1568 1316 1736 1355 habere

87 1390 261 1426 tantam
287 1386 504 1439 periciam
531 1386 787 1438 sagittandi,
814 1390 858 1426 vt
884 1399 1076 1439 pomum
1103 1391 1515 1440 quantumcunque
1539 1400 1735 1440 paruum

87 1459 426 1512 superpositum
466 1459 632 1499 baculo
671 1458 717 1498 in
760 1458 912 1499 debita
952 1458 1173 1500 distancia
1216 1459 1365 1512 primo
1405 1459 1524 1499 iactu
1573 1460 1735 1512 spiculi

87 1531 248 1572 feriret.
299 1531 434 1582 Quod
468 1531 640 1571 dictum
675 1544 753 1583 per
785 1531 962 1571 emulos
994 1532 1051 1571 ad
1084 1545 1217 1572 aures
1248 1532 1365 1584 regis
1397 1533 1625 1585 peruenit;
1657 1532 1736 1586 qui

88 1603 246 1644 merita
280 1604 437 1644 militis
469 1616 561 1644 non
596 1603 800 1655 cogitans
833 1603 1031 1655 maligne
1063 1604 1322 1657 imperauit,
1371 1608 1416 1644 vt
1458 1604 1580 1644 filius
1622 1604 1736 1645 eius-

86 1676 190 1716 dem
223 1676 461 1716 Tokkonis
493 1676 594 1716 loco
627 1675 778 1716 baculi
811 1688 1002 1728 pomum
1038 1689 1174 1729 super
1207 1681 1343 1729 caput
1374 1677 1575 1727 haberet,
1612 1678 1734 1730 quod

87 1748 124 1789 si
156 1753 283 1802 pater
314 1748 463 1802 primo
495 1748 616 1788 iactu
649 1761 741 1788 non
774 1752 989 1800 tangeret,
1037 1749 1275 1802 proprium
1322 1753 1458 1802 caput
1490 1749 1535 1788 in
1569 1762 1735 1802 penam

86 1820 307 1861 iactancie
353 1821 559 1861 amittere
606 1821 800 1861 deberet.
889 1821 1003 1860 Tam
1052 1820 1218 1861 iniuste
1265 1825 1438 1874 patrem
1488 1833 1592 1861 cum
1641 1821 1735 1861 filio

88 1893 246 1934 mortis
294 1893 496 1947 periculo
544 1893 852 1933 submittebat.
931 1893 1070 1945 Igitur
1114 1893 1277 1933 Tokko
1324 1893 1494 1933 iniusto
1541 1893 1735 1946 imperio

87 1965 358 2006 constrictus
391 1965 538 2005 filium
572 1978 708 2005 suum
741 1965 1039 2005 iuuenculum
1074 1966 1324 2005 adductum
1367 1965 1650 2013 hortabatur,
1691 1969 1736 2006 vt

87 2038 215 2091 equis
267 2038 456 2078 auribus
512 2050 564 2078 ac
617 2037 810 2078 immoto
860 2037 1006 2090 capite
1053 2037 1253 2078 sonitum
1302 2037 1551 2090 perciperet
1598 2038 1734 2078 iaculi

86 2111 323 2163 venientis,
361 2122 427 2159 ac,
467 2114 513 2150 vt
545 2110 698 2150 minus
731 2109 919 2156 timeret,
967 2109 1129 2150 faciem
1163 2110 1260 2150 eius
1292 2110 1477 2155 auertit;
1525 2110 1736 2150 extractis

86 2180 238 2223 autem
277 2183 423 2223 tribus
465 2182 636 2233 sagittis
669 2183 724 2221 de
757 2182 984 2234 pharetra,
1033 2194 1138 2222 cum
1177 2182 1324 2235 prima
1367 2195 1558 2235 pomum
1600 2194 1736 2234 super

87 2259 223 2308 caput
268 2255 470 2309 positum
519 2255 728 2295 excussit.
821 2254 1049 2304 Querente
1098 2266 1218 2306 rege,
1276 2267 1357 2294 cur
1409 2259 1497 2294 tres
1552 2254 1735 2304 sagittas

87 2327 382 2381 exposuisset,
429 2340 534 2367 cum
574 2340 666 2367 non
708 2327 794 2366 nisi
843 2327 983 2366 semel
1029 2327 1239 2378 sagittare
1277 2327 1480 2367 deberet:
1534 2326 1613 2366 »Vt
1652 2330 1735 2374 te«,

175 2472 207 2507 1.
239 2471 385 2518 gyritae
418 2471 468 2516 V;
514 2471 649 2517 gritha
683 2470 722 2505 S.
812 2470 996 2517 suscepit
1030 2470 1106 2506 AS.
1200 2471 1234 2506 2.
1270 2472 1489 2505 suenonem
1524 2470 1568 2512 A,
1615 2472 1650 2505 et
1680 2469 1736 2504 sic

86 2537 190 2574 soepe
236 2528 443 2573 variatum
488 2538 560 2574 eyo
607 2537 766 2572 semper
808 2538 846 2562 w
892 2526 1080 2571 scribam,
1130 2527 1211 2563 nisi
1254 2537 1393 2562 omnes
1438 2527 1591 2562 codices
1638 2524 1736 2573 u(v)

87 2583 245 2622 liabent.
334 2585 461 2621 alium
501 2586 621 2630 longe
661 2584 700 2620 S.
791 2584 1049 2630 procellebat
1091 2585 1172 2620 DV.
1265 2585 1299 2619 6.
1341 2595 1423 2619 non
1464 2584 1571 2619 iuste
1608 2583 1732 2623 codd..

87 2652 186 2678 corr.
222 2641 456 2688 Lanyebek3
504 2653 587 2677 non
628 2641 839 2676 immerito
870 2641 989 2677 Saxo.
1082 2642 1131 2678 10
1176 2644 1367 2677 curatum
1401 2640 1532 2681 codd.;
1579 2640 1732 2675 elatum

87 2700 205 2735 Saxo.
296 2700 356 2735 11.
389 2702 571 2745 suntque
603 2698 660 2733 ibi
693 2697 731 2733 S.
827 2699 887 2733 12.
919 2699 960 2733 in
994 2709 1071 2733 om.
1104 2699 1143 2734 S.
1233 2698 1387 2743 ielingli
1421 2698 1468 2741 S;
1500 2697 1648 2743 ielinge
1684 2698 1734 2732 A:

87 2766 236 2792 nomen
274 2755 350 2792 hoc
387 2767 469 2792 non
508 2755 629 2791 habet
663 2754 782 2793 Saxo.
831 2765 925 2800 erqo
966 2755 1210 2800 epitomalor
1252 2754 1300 2790 de
1345 2765 1416 2789 suo
1465 2754 1542 2799 (vel
1578 2753 1670 2799 fort.
1710 2765 1733 2788 a

87 2811 273 2849 Suenone
301 2813 403 2859 Ayy.
435 2813 464 2858 f.
498 2813 723 2858 sumptum)
757 2811 922 2846 addidit.
1016 2813 1077 2847 13.
1117 2815 1218 2858 pret.
1258 2815 1319 2847 est
1351 2813 1393 2847 A.
1487 2811 1650 2846 15—16.
1690 2821 1733 2845 se

20 2866 26 2871 '
90 2872 242 2905 tantam
263 2870 418 2905 habere
436 2871 480 2906 A.
545 2870 606 2905 16.
624 2879 772 2915 parum
795 2869 839 2904 D.
903 2869 964 2904 17.
983 2870 1249 2915 suppositum
1269 2869 1344 2904 AS.
1406 2866 1670 2915 disdanciao)
1689 2867 1732 2902 D.

89 2926 224 2972 primo
268 2921 353 2957 ictu
390 2928 499 2963 iactu
547 2927 599 2971 D3
647 2936 705 2971 pr.
753 2923 834 2961 ictu
884 2925 922 2961 S.
1014 2926 1076 2961 22.
1127 2927 1247 2960 iactae
1290 2924 1344 2973 (oz
1386 2923 1603 2971 iactancie)
1653 2924 1732 2959 DA.

89 2983 152 3019 26.
193 2984 282 3019 eius
316 2984 405 3029 DV;
452 2995 570 3019 suam
603 2982 678 3019 AS.
770 2983 833 3018 29.
875 2993 955 3017 non
997 2983 1073 3017 nisi
1117 2983 1242 3018 semel
1285 2983 1312 3017 S
1349 2981 1492 3029 (semel
1533 2982 1733 3016 duntaxat

88 3039 226 3087 Sucro>3
259 3051 341 3076 non
375 3052 452 3076 om.
486 3041 605 3076 DVA.

1766 962 1805 991 10

1764 1323 1804 1352 15
