2150 3584
327 1106 368 1137 10

328 1857 368 1887 15

326 2220 368 2250 20

327 2582 369 2612 25

395 217 448 256 86
735 227 1010 256 scfflPTOREs
1042 228 1268 258 HISTORIAE
1301 229 1476 257 DANicAE
1508 228 1705 257 MINORES

1189 341 1245 401 X

394 447 545 499 tionis,
577 447 832 488 dummodo
859 448 1058 489 duorum
1082 448 1367 489 attestatione
1393 448 1762 489 commilitonum
1788 449 2038 490 constiterit

394 504 517 572 (res),
548 519 724 559 nullam
756 524 945 572 prossus
977 519 1300 561 satisfactionis
1323 520 1509 560 admisit
1534 520 1852 574 expiationem.
1901 521 2035 571 Quod

393 594 547 631 tamen
588 591 916 632 modernorum
954 592 1255 645 temperantia
1295 605 1416 633 noua
1464 592 1786 633 constitutione
1832 592 2037 645 mitigare

394 663 647 704 consueuit.
717 663 912 716 Quippe,
960 664 996 705 si
1043 665 1157 705 adeo
1204 664 1403 705 euidenti
1451 664 1580 716 signo
1628 668 1804 705 constat
1848 678 1920 705 res
1966 665 2037 705 uel

393 735 670 787 testimonio,
717 739 766 776 ut
797 748 842 775 se
874 736 1104 777 neuticam
1138 736 1426 777 inficiacione
1458 741 1651 788 tueatur,
1699 736 1871 790 placuit
1907 749 2036 776 reum

395 821 491 848 sese
516 807 613 848 eius
637 807 832 861 pedibus
857 808 1119 862 geniculari,
1152 809 1225 849 cui
1249 809 1525 850 uerecundie
1550 809 1701 849 intulit
1723 809 2037 862 obprobrium,

395 884 443 920 ut
473 879 555 920 rite
587 880 783 921 dedecus
816 880 1177 921 abiectissimum
1208 881 1469 921 humillima
1495 881 1816 922 satisfactionis
1840 881 2036 922 formula

395 952 611 1006 expietur.
683 952 759 992 Sin
807 956 960 993 autem
1007 957 1166 994 auctor
1211 966 1340 993 reum
1387 953 1579 994 testibus
1626 953 1898 994 conuincere
1944 966 2038 994 non

395 1024 603 1076 ualuerit,
649 1024 973 1066 constitutione
1018 1025 1250 1066 decretum
1290 1029 1357 1066 est
1396 1025 1608 1077 generali,
1654 1029 1704 1066 ut
1747 1025 1798 1078 is,
1844 1025 1923 1079 qui
1969 1038 2038 1066 ca-

394 1097 660 1149 lumniatur,
693 1109 791 1137 cum
827 1110 903 1137 sex
936 1097 1329 1138 commilitonibus
1362 1110 1492 1138 suam
1526 1098 1705 1138 aboleat
1735 1097 1988 1138 infamiam.

1081 1365 1204 1406 CAP.
1238 1366 1358 1406 XIII.

490 1523 643 1602 Sicut
679 1560 900 1614 serpentis
940 1560 1115 1613 antiqui
1148 1560 1458 1613 suggestiones
1491 1565 1596 1601 sunt
1627 1561 1765 1612 uarie,
1811 1561 1872 1601 ita
1904 1574 2037 1602 casus

395 1632 720 1672 lacescentium
768 1636 874 1672 sunt
919 1632 1101 1673 diuersi.
1193 1633 1311 1673 Nam
1357 1637 1398 1673 et
1444 1634 1709 1687 plerumque
1755 1633 1938 1686 accidit,
1989 1637 2038 1674 ut

395 1704 497 1758 quis
529 1704 656 1744 alleri
688 1709 767 1745 aut
798 1705 945 1745 sciens
976 1709 1054 1745 aut
1086 1705 1271 1757 ignarus
1304 1706 1473 1746 uulnus
1506 1705 1692 1757 infligat.
1744 1706 1856 1746 Item
1889 1706 2036 1746 sciens

394 1777 672 1830 quandoque
705 1790 838 1816 suum
873 1776 1249 1829 commilitonem,
1282 1790 1417 1830 quem
1446 1782 1487 1817 et
1519 1764 1663 1831 <nouit
1693 1791 1789 1830 esse,
1823 1779 2035 1826 uulnerat,

396 1849 660 1900 quandoque
691 1834 814 1902 uero>
847 1861 935 1888 non
971 1848 1093 1899 item,
1140 1848 1356 1900 ignorans
1394 1853 1561 1901 autem,
1608 1862 1743 1889 suum
1785 1852 1905 1889 ratus
1943 1862 2036 1890 non

396 1933 545 1960 suum.
637 1920 681 1960 Si
735 1920 838 1974 quis
892 1933 1027 1960 suum
1083 1921 1446 1962 commilitonem
1501 1922 1648 1962 sciens
1701 1925 1743 1962 et
1788 1921 2036 1975 prouidens

395 1992 719 2043 uulnerauerit‚
765 1992 888 2032 iuxta
936 1992 1131 2033 formam
1180 1993 1478 2047 prescriptam
1525 1993 1784 2034 satisfaciat.
1847 1994 1892 2034 Si
1933 1994 2036 2048 quis

395 2078 530 2105 suum
563 2064 924 2104 commilitonem
959 2066 1165 2106 nesciens
1198 2069 1239 2106 et
1270 2066 1486 2118 ignorans
1518 2066 1842 2119 uulnerauerit,
1875 2067 2035 2107 uolens

394 2137 549 2185 alium,
598 2137 669 2176 uel
703 2149 806 2176 eum
840 2149 948 2177 casu
982 2137 1144 2189 leserit,
1184 2137 1219 2178 si
1252 2142 1508 2179 conuentus
1539 2138 1686 2191 fuerit,
1729 2138 2033 2191 ignorantiam

396 2222 542 2261 suam,
588 2213 630 2249 et
676 2210 799 2262 quod
838 2210 998 2249 nolens
1042 2210 1205 2262 leserit,
1250 2210 1381 2251 tertio
1428 2211 1731 2251 commilitone
1778 2212 2034 2264 pretendat3

395 2282 464 2322 sin
506 2285 659 2321 autem
696 2281 742 2320 in
784 2282 1052 2334 purgatione
1083 2282 1304 2334 defecerit,
1351 2282 1475 2323 iuxta
1516 2284 1712 2324 formam
1754 2287 2034 2336 pretaxatam

396 2353 751 2394 satisfactionem
776 2357 1035 2406 componat.
1084 2353 1289 2407 (Quando
1318 2368 1417 2395 uero
1442 2355 1552 2408 quis)
1584 2356 1731 2396 sciens
1763 2359 1804 2395 et
1835 2357 2035 2409 prudens

395 2425 698 2467 commilitoni
725 2439 807 2465 suo
834 2426 1003 2466 uulnus
1028 2426 1242 2478 intulerit,
1272 2429 1486 2479 ignorans
1511 2441 1557 2468 se
1579 2428 1644 2468 illi
1668 2429 1762 2480 lege
1788 2431 2034 2481 prescripta

395 2498 629 2538 astrictum
678 2498 890 2549 obligari,
945 2498 1213 2539 huiusmodi
1267 2499 1436 2552 placuit
1490 2513 1594 2540 eum
1648 2500 1953 2552 ignorantiam
2009 2513 2034 2540 a

395 2570 768 2621 transgressionis
799 2568 1000 2623 (peccato)
1032 2583 1123 2610 non
1158 2584 1385 2612 excusare.
1445 2573 1560 2612 Nam
1593 2576 1635 2612 et
1666 2572 1827 2612 eisdem
1861 2572 2035 2624 legibus

395 2645 580 2682 cautum
615 2645 692 2692 est,
728 2628 897 2695 <omnes
929 2642 1200 2682 contubernii
1228 2644 1395 2683 sodales
1425 2657 1466 2683 se
1498 2643 1682 2684 inuicem
1715 2657 1837 2684 nosse
1867 2644 2036 2695 debere;

395 2726 442 2753 eo
473 2712 585 2752 enim
616 2712 796 2765 pertinet
824 2714 1036 2765 yeneralis
1068 2714 1324 2763 constitutio,
1358 2728 1445 2768 qua
1480 2701 1701 2769 iubentur>
1740 2728 1900 2756 omnes
1932 2728 2035 2756 con-

394 2785 654 2837 trouersiaS,
701 2798 787 2838 que
828 2786 975 2837 legum
1020 2786 1264 2827 discisione
1305 2791 1411 2827 sunt
1449 2787 1608 2834 diuise.
1657 2791 1779 2827 sexta
1814 2787 2034 2828 commili-

486 2907 516 2941 1.
556 2905 712 2941 donum
759 2904 855 2953 (pro
902 2904 1048 2956 dumo).
1140 2909 1173 2942 4.
1217 2909 1335 2953 signo
1384 2908 1444 2943 vel
1492 2911 1713 2943 constaret.
1805 2909 1837 2944 7.
1884 2912 2032 2955 vtpote.

401 2964 460 2998 11.
493 2973 665 3009 serpens
698 2963 908 3008 antiquus,
940 2962 1010 3008 cfr.
1034 2963 1196 3009 Apocal.
1233 2965 1294 3009 12,
1315 2966 1360 3006 9,·
1397 2965 1455 3008 20,
1478 2964 1509 3000 9.
1576 2965 1622 3000 14
1641 2975 1723 3012 sqq.
1755 2976 1923 3012 quemq,
1949 2977 2031 3001 non

396 3020 493 3055 item
527 3020 724 3065 ignorans
758 3023 828 3055 aut
858 3018 955 3067 (pro
986 3018 1073 3069 a'ut)
1103 3032 1224 3056 suum
1254 3025 1323 3057 aut
1359 3025 1546 3057 nostrum
1580 3020 1675 3069 (pl-o
1701 3026 1781 3057 rat9
1807 3027 1857 3058 no
1883 3020 2031 3070 suum).

401 3076 460 3112 19.
492 3077 713 3112 conuictus
743 3075 839 3124 (pro
871 3075 1101 3126 conuetus).
1179 3078 1242 3114 21.
1275 3079 1539 3124 pugnatione.
1617 3080 1679 3116 25.
1713 3079 1813 3115 eius.
