2150 3584
277 1061 318 1091 10

277 1423 318 1453 15

275 1785 317 1816 20

275 2148 316 2178 25

350 236 400 276 18
686 244 961 274 SCRIPTORES
994 243 1219 273 HISTORIAE
1253 242 1428 272 DANICAE
1460 241 1659 271 MINORES

347 360 531 414 expulit,
564 360 660 413 ipse
690 371 882 412 regnum
913 358 1070 399 tenuit.
1120 357 1268 397 Huius
1300 356 1379 409 filij
1416 355 1554 396 Gorm
1587 359 1629 396 et
1653 356 1827 396 Hartha
1854 357 1990 409 Knut,

347 437 528 487 paterno
569 445 662 473 non
700 431 899 472 contenti
941 429 1195 481 latrocinio,
1244 428 1440 469 Daniam
1481 427 1701 479 insiliunt,
1748 429 1990 483 occisoque

346 517 446 557 rege
494 505 731 545 Danorum
778 504 989 544 Haldano
1037 515 1142 543 cum
1189 500 1295 554 filijs
1342 500 1438 540 eius
1484 511 1675 552 regnum
1723 501 1989 554 [Danorum]

346 577 497 631 partiti
541 581 658 629 sunt,
707 577 844 618 Gorm
885 576 1097 627 Damam,
1146 574 1321 614 Hartha
1366 574 1488 613 Knut
1529 573 1738 625 Angliam
1779 560 1991 629 (ιη-ταας)

348 652 464 691 Nam
499 651 630 691 Swen
662 653 789 703 pater
828 661 986 689 eorum
1027 647 1223 698 interim,
1267 659 1358 699 quo
1400 632 1632 700 (tempore)
1673 646 1759 700 ipsi
1792 647 1990 688 Daniam

346 723 627 774 inuaserunt,
660 726 869 763 mortuus
902 724 979 761 est.
1044 719 1283 760 Haldanus
1322 722 1475 758 autem
1518 722 1670 759 utrum
1703 719 1837 759 fuerit
1869 719 1991 761 filius

347 795 454 836 Clac
487 794 675 835 Haraldi
708 807 766 834 an
800 806 908 844 non,
940 792 986 832 in
1019 791 1160 832 dubio
1194 795 1270 831 est.

431 914 480 954 V.
546 873 729 964 Gorm,
763 910 1108 952 crudelissimus
1133 922 1224 960 reX,
1257 910 1411 949 sedem
1436 909 1563 961 regni
1587 911 1710 963 apud
1729 910 1989 951 Selandiam

346 986 590 1027 constituit.
658 984 804 1025 Huius
846 984 968 1023 filius
1014 981 1285 1023 mitissimus
1329 982 1499 1022 Harold
1545 982 1643 1034 fuit,
1690 983 1768 1036 qui
1815 982 1991 1036 primus

346 1059 467 1112 apud
492 1057 657 1099 Seland
683 1055 921 1097 ecclesiam
947 1055 1211 1095 construxit.
1260 1054 1351 1105 Qui
1383 1058 1540 1095 contra
1572 1055 1713 1108 patris
1743 1055 1989 1108 imperium

347 1131 630 1173 Christianos
662 1129 835 1169 amicos
867 1127 1029 1168 habuit
1061 1140 1229 1181 eosque
1260 1140 1343 1180 pro
1376 1127 1554 1167 uiribus
1581 1127 1785 1182 undique
1811 1140 1990 1181 suscep—

344 1208 414 1245 tos
445 1204 492 1243 in
525 1201 847 1256 persecucione
875 1199 1002 1241 fouit.
1051 1199 1222 1252 Itaque,
1255 1200 1300 1240 in
1334 1199 1467 1239 malis
1499 1203 1625 1252 patre
1656 1204 1990 1253 perseuerante,

347 1276 576 1316 Haraldus
600 1278 701 1327 post
728 1277 921 1314 mortem
947 1272 1045 1313 eius
1068 1272 1114 1312 in
1137 1283 1288 1324 regem
1314 1275 1579 1324 assumptus
1604 1276 1670 1312 est
1688 1272 1991 1314 Christianus-

345 1361 433 1402 que
466 1348 650 1388 effectus
683 1349 760 1387 est.
823 1345 913 1395 Qui
953 1357 1061 1385 mox
1092 1345 1350 1385 sacerdotes
1382 1348 1475 1384 tam
1509 1344 1566 1384 ab
1598 1344 1760 1397 Anglia
1792 1358 1931 1399 quam
1964 1359 1990 1386 a

346 1420 543 1462 Saxonia
590 1419 823 1460 uenientes
869 1417 1038 1470 recepit
1078 1420 1119 1457 et
1157 1416 1389 1458 Christum
1437 1417 1619 1470 publice
1666 1417 1813 1458 colere
1859 1418 1988 1471 cepit.

345 1494 473 1534 Vnde
506 1490 757 1532 uenerabili
789 1490 1022 1542 Adaldago
1055 1489 1271 1542 episcopo
1314 1494 1355 1529 et
1387 1489 1546 1530 Ottoni
1577 1489 1781 1542 Augusto
1813 1490 1990 1531 amicus

345 1570 386 1606 et
417 1565 552 1605 ualde
582 1563 822 1604 familiaris
853 1562 950 1612 fuit,
983 1563 1096 1603 adeo
1129 1565 1179 1602 ut
1206 1561 1354 1602 filium
1381 1561 1478 1602 eius
1503 1562 1784 1615 baptizatum
1810 1575 1836 1602 a
1861 1575 1990 1603 sacro

344 1638 466 1679 fonte
506 1622 757 1691 <leuauerit>
797 1639 839 1677 et
870 1636 1001 1677 Swen
1034 1635 1141 1677 Otto
1180 1634 1428 1675 uocauerit.
1491 1635 1649 1688 Itaque
1686 1647 1764 1674 rex
1795 1635 1990 1675 deuotus

344 1714 386 1751 et
423 1710 470 1751 in
510 1709 690 1750 Christo
730 1708 1026 1749 fidelissimus
1067 1721 1160 1748 non
1203 1707 1354 1748 solum
1394 1707 1664 1760 baptizatus,
1712 1708 1790 1747 sed
1831 1707 1989 1760 eciam,

345 1787 392 1824 ut
424 1782 626 1836 episcopi
652 1794 730 1834 per
754 1793 943 1833 regnum
969 1780 1368 1832 constituerentur,
1400 1793 1480 1833 per
1502 1779 1697 1820 nuncios
1721 1779 1990 1832 deprecatus

344 1860 421 1896 est.
498 1856 600 1906 Qua
661 1854 883 1907 peticione
938 1853 1220 1904 Adaldagus,
1283 1852 1542 1893 Bremensis
1602 1851 1989 1905 archiepiscopus,

343 1929 546 1980 gaudens
593 1926 785 1967 consilio
838 1925 954 1978 regis
1008 1930 1049 1966 et
1103 1930 1219 1979 pape
1271 1929 1362 1966 tres
1408 1924 1639 1965 ordinauit
1696 1924 1743 1964 in
1791 1924 1986 1965 Daniam

344 2000 607 2053 episcopos:
671 1999 888 2040 Hericum
949 1999 1006 2039 ad
1062 1998 1302 2050 SlesWich,
1367 1997 1636 2049 Liafdagum
1697 1998 1754 2037 ad
1811 1998 1988 2052 Ripam,

345 2072 721 2113 Rehinbrandum
755 2072 812 2112 ad
845 2072 974 2112 Arus.
1038 2072 1200 2112 Postea
1232 2070 1378 2111 eciam
1410 2070 1563 2123 plures
1595 2069 1827 2110 ordinauit
1857 2070 1989 2110 Adal-

344 2146 501 2197 dagus,
549 2144 806 2185 Bremensis
838 2143 1227 2197 archiepiscopus,
1271 2143 1328 2183 ad
1367 2146 1591 2183 nostrates
1623 2141 1882 2195 episcopos:
1930 2143 1988 2183 ad

433 2277 465 2312 1.
497 2277 649 2312 hartha
687 2277 787 2313 knvt
829 2277 861 2311 K
899 2274 971 2324 (sic
1010 2276 1069 2311 vel
1107 2276 1257 2312 harthe
1289 2276 1389 2311 knvt
1417 2275 1688 2320 plerumque>3
1732 2274 1989 2310 harthacnut

345 2334 401 2379 03
436 2333 722 2369 Hartha-Cnut
754 2334 802 2379 S,
834 2334 891 2369 sic
922 2334 1042 2370 etiam
1075 2333 1116 2369 in
1148 2344 1252 2380 seqq.
1316 2334 1350 2368 2.
1382 2335 1558 2379 paterno
1591 2331 1735 2377 scripsi
1763 2333 1799 2366 et
1827 2342 1988 2367 comma

341 2394 433 2437 post
472 2391 692 2426 latrocinio
732 2391 908 2436 demum,
955 2402 1040 2427 non
1077 2393 1172 2436 post
1206 2390 1402 2434 contenti,
1445 2388 1584 2435 posui3
1630 2391 1748 2435 patre
1791 2389 1824 2424 K
1870 2391 1907 2424 et
1947 2389 1988 2424 ἰη

345 2458 474 2493 mat-9.
495 2448 529 2484 Ο
552 2449 641 2493 (pro
666 2448 789 2484 deleto
814 2449 925 2495 pat');
957 2451 1075 2495 patre
1103 2447 1143 2483 in
1163 2448 1190 2484 S
1215 2446 1457 2494 Stephanius
1490 2446 1532 2482 in
1560 2445 1693 2492 patria
1711 2446 1777 2490 (H)
1802 2445 1987 2482 mutauit.

346 2505 379 2541 3.
413 2506 629 2541 Danorum
662 2505 786 2540 altero
819 2506 904 2541 loco
935 2505 1084 2549 deleui;
1131 2516 1228 2541 nam
1272 2514 1445 2551 regnum
1486 2502 1552 2538 hic
1594 2505 1808 2549 utramque
1840 2504 1986 2538 terram

343 2562 551 2608 complecti
582 2565 759 2608 apparet.
837 2564 871 2598 4.
905 2565 1050 2598 nactus
1082 2562 1273 2598 excidisse
1304 2562 1430 2598 credo.
1507 2561 1540 2596 5.
1574 2570 1658 2606 quo
1693 2559 1776 2605 ΚΟ,
1817 2560 1925 2606 quod
1955 2559 1990 2595 si

346 2630 482 2654 verum
524 2622 589 2664 est,
638 2622 826 2665 tempore
858 2617 954 2665 (Epe)
986 2622 1079 2655 ante
1108 2619 1189 2666 ipsi
1228 2620 1310 2666 (ipi)
1350 2617 1584 2654 addendum
1626 2619 1699 2662 est3
1745 2617 1915 2663 quando
1948 2616 1988 2653 S.

345 2677 380 2712 6.
412 2678 504 2712 ante
538 2676 753 2712 Haldanus
786 2677 826 2712 ἱη
861 2676 888 2712 S
924 2677 1132 2712 Haraldus
1163 2677 1334 2712 deletum
1367 2678 1431 2712 est.
1495 2675 1528 2710 7.
1563 2685 1615 2709 an
1650 2684 1732 2709 non
1765 2685 1844 2711 om.
1877 2674 1924 2710 Η.

431 2744 534 2790 Cap.
568 2745 614 2780 V.
692 2744 726 2779 8.
760 2744 995 2780 Selandiam
1029 2745 1074 2789 S;
1119 2745 1338 2781 Selendam
1375 2744 1457 2780 ΚΟ.
1538 2743 1598 2779 13.
1632 2742 1847 2787 Haro(a)ld
1879 2742 1985 2787 O(S).

350 2802 409 2839 16.
444 2801 763 2847 archiepiscopo
798 2801 836 2836 S.
926 2802 986 2838 18.
1019 2802 1225 2838 leuauerit
1255 2812 1331 2838 om.
1367 2801 1457 2846 KO3
1503 2799 1623 2835 habet
1654 2799 1693 2841 S,
1737 2798 1909 2844 fortasse
1939 2809 1989 2835 eae

344 2859 570 2894 coniectura
615 2857 826 2904 Stephaniz·
862 2858 1066 2904 additum,
1111 2860 1345 2906 susceperit
1383 2860 1446 2902 (ex
1487 2856 1631 2894 Adam.
1672 2855 1804 2892 Brem.
1844 2855 1908 2894 Iib.
1951 2855 1991 2891 II

344 2926 428 2961 cal).
463 2915 499 2958 3)
531 2916 654 2951 inseri
686 2915 810 2950 voluit
843 2914 1065 2961 Lanyebelc.
1145 2917 1207 2952 21.
1241 2916 1330 2959 Qua
1364 2915 1571 2961 peticione
1602 2917 1697 2949 etc:
1739 2911 1808 2958 cfr.
1841 2912 1985 2948 Adam.

344 2973 365 3008 I.
399 2973 420 3008 I.
453 2984 539 3018 cap.
574 2972 607 3009 lt.
679 2973 741 3007 24.
772 2975 862 3017 pos!
893 2973 998 3008 Arus
1032 2973 1070 3008 in
1106 2973 1133 3009 S
1166 2973 1258 3009 add.
1292 2971 1551 3018 Stephanius:
1585 2970 1669 3007 A.C.
1691 2969 1982 3005 DCCCCLXII.

347 3030 489 3065 Postea
525 3030 653 3064 eciam
688 3032 778 3065 etc:
811 3029 882 3073 cfr.
919 3029 1060 3066 Adam.
1095 3031 1116 3065 l.
1149 3031 1172 3066 I.
1206 3041 1291 3075 cap,
1324 3030 1385 3066 22.
1406 3028 1472 3064 23.
