2150 3584
308 1022 350 1053 10

310 1385 351 1417 15

312 1750 356 1782 20

316 2113 357 2145 25

370 239 451 278 362
710 248 986 277 SCRIPTORES
1020 248 1247 278 fflsroRIAE
1278 248 1456 276 DANICAE
1488 247 1687 276 MiNoREs

370 376 481 403 num
525 376 663 403 suum
706 362 921 415 Olauum,
969 374 1120 415 regem
1162 361 1346 413 Swecie,
1393 361 1439 401 in
1481 360 1776 413 adiutorium,
1819 361 1867 401 in
1907 361 2023 402 mari

372 449 477 477 cum
511 436 641 476 hoste
673 435 889 476 conflixit.
954 435 1219 487 Sagittarius
1251 438 1405 475 autem
1439 433 1589 485 Olaui,
1621 434 1738 486 regis
1772 433 2022 487 Norwegie‚

372 510 551 549 Enarus
583 512 678 548 tam
711 508 995 548 horrendum
1028 520 1187 548 arcum
1221 506 1397 559 habuit,
1444 510 1490 547 vt
1521 506 1672 546 iaculo
1704 506 1848 559 ipsius
1881 505 2023 547 nichil

372 581 591 621 obsistere
624 568 788 633 posset.
839 580 994 621 Primo
1021 580 1157 632 igitur
1181 580 1302 620 iactu
1327 592 1407 633 per
1433 579 1608 619 malum
1634 578 1769 619 nauis
1787 578 2025 619 Swenonis

372 658 467 694 tam
514 652 665 693 subito
713 652 944 706 spiculum
991 652 1228 704 transegit,
1275 651 1406 706 quasi
1454 651 1666 705 pellicula
1714 652 1875 692 eodem
1923 652 2024 692 loco

373 726 554 776 fuisset;
602 726 805 766 secundo
846 725 968 766 iactu
1000 725 1116 777 regis
1150 725 1349 778 clipeum
1389 723 1614 778 nauisque
1645 724 1851 764 tabulam
1882 727 2025 764 trans-

373 799 499 849 fodit,
547 797 714 852 vixque
753 798 870 838 inter
908 799 1054 838 vndas
1099 797 1259 850 sagitta
1299 797 1498 850 impetus
1547 796 1617 837 sui
1663 796 1803 837 finem
1850 795 2024 836 habuit.

374 872 562 912 Timens
616 870 752 923 igitur
799 869 962 912 Sweno
1018 870 1120 923 plus
1177 870 1307 910 illum
1362 869 1645 921 sagittarium
1693 881 1833 922 quam
1877 871 2025 909 totum

374 944 505 984 illum
538 942 787 984 exercitum
822 943 1002 996 aliquos
1036 942 1278 995 sagittandi
1311 942 1479 996 peritos
1512 941 1767 993 ordinabat,
1810 940 1889 994 qui
1921 953 2026 981 eum

376 1017 527 1057 solum
566 1015 893 1066 interficerent3
941 1016 1110 1069 quibus
1150 1015 1357 1056 certatim
1398 1014 1443 1054 in
1483 1027 1589 1054 eum
1620 1014 1709 1054 tela
1741 1013 2026 1062 iacientibus,

379 1102 492 1129 Vnus
526 1101 684 1129 eorum
718 1101 875 1129 arcum
910 1088 1033 1129 illius
1065 1088 1263 1141 grauiter
1294 1087 1407 1138 lesit,
1440 1087 1555 1128 adeo
1587 1091 1635 1127 vt
1664 1087 1814 1139 fragor
1839 1090 2028 1140 rupture

377 1162 474 1202 eius
505 1161 594 1201 late
625 1160 873 1202 audiretur.
904 1203 907 1204 ⁷
937 1161 1145 1215 Stupenti
1177 1161 1327 1202 Olauo
1361 1163 1402 1200 et
1434 1160 1655 1213 querenti,
1688 1159 1798 1213 quid
1831 1159 2025 1200 fractum

378 1238 507 1285 esset,
548 1233 787 1287 respondit
818 1234 1021 1274 Enarus:
1073 1232 1389 1285 »Norwegiam
1430 1245 1455 1272 a
1486 1236 1528 1273 te
1561 1231 1834 1273 conuulsam
1867 1233 2023 1285 putat«

378 1307 514 1357 Quod
554 1310 596 1347 et
634 1306 808 1347 factum
849 1311 934 1357 est3
982 1319 1090 1346 nam
1124 1305 1303 1346 Noricis
1341 1305 1611 1346 cadentibus
1650 1305 1817 1345 timens
1851 1304 2028 1345 Olauus

377 1380 425 1420 in
458 1392 625 1419 manus
656 1379 859 1419 hostium
892 1378 1046 1421 venire
1079 1382 1240 1432 sponte
1266 1378 1313 1418 in
1338 1391 1464 1419 mare
1489 1377 1657 1418 decidit
1680 1390 1733 1418 ac
1761 1377 2029 1417 submersus

378 1456 456 1493 est.
520 1451 661 1504 Igitur
707 1452 865 1493 habita
905 1451 1145 1505 Norwegia
1189 1451 1350 1492 Sweno
1392 1450 1440 1491 in
1481 1450 1692 1503 Angliam
1731 1448 1957 1501 transiuit,
2003 1462 2029 1489 a

379 1526 510 1566 cuius
542 1536 644 1577 rege
676 1528 862 1578 pactum
895 1524 1076 1578 recepit,
1123 1528 1171 1565 vt
1210 1525 1249 1564 ei
1287 1524 1334 1564 in
1377 1535 1516 1577 regno
1560 1524 1801 1564 succedere
1833 1522 2027 1563 deberet.

381 1599 447 1639 Eo
493 1602 699 1651 tempore
747 1597 957 1651 Popponi
1004 1597 1283 1638 Rubrandus
1330 1595 1570 1647 successit⁷
1618 1595 1785 1637 Harico
1834 1596 2030 1647 Marcus,

382 1671 604 1723 Helfdago
638 1670 905 1721 Fulbertus3
937 1674 1041 1724 post
1071 1683 1209 1724 quem
1242 1669 1539 1710 Othenkarus
1563 1668 1721 1721 Albus,
1753 1668 2031 1709 nobilissimi

381 1744 570 1797 generis,
611 1743 855 1796 episcopus
886 1743 983 1795 fuit,
1022 1742 1101 1797 qui
1132 1742 1357 1783 latissimo
1390 1741 1668 1795 patrimonio
1701 1755 1784 1782 suo
1817 1741 2031 1782 ecclesias

382 1816 558 1868 ditauit,
605 1817 719 1856 adeo
762 1819 807 1857 vt
845 1815 1053 1869 pociores
1095 1813 1283 1855 ecclesie
1323 1813 1454 1855 Jucie
1501 1814 1659 1868 predia
1705 1827 1788 1854 sua
1829 1814 1887 1854 ab
1934 1813 2032 1854 eius

382 1891 505 1930 dono
552 1892 832 1942 receperunt.
904 1888 1114 1929 Ceterum
1163 1887 1325 1928 SWeno
1373 1887 1500 1928 senio
1547 1887 1782 1928 confectus
1828 1885 2032 1938 infatiga-

382 1963 531 2004 biliter
569 1961 729 2002 diuino
769 1959 914 2001 cultui
950 1959 1130 2000 deditus
1168 1960 1252 2000 fuit
1290 1964 1426 2014 atque
1472 1960 1519 2000 in
1565 1960 1665 2013 ipso
1707 1959 2032 2013 perfectissime

383 2035 472 2076 vite
518 2035 692 2087 fulgore
738 2033 943 2074 decessit.
1029 2032 1206 2073 Dicitur
1251 2036 1404 2073 autem
1454 2033 1659 2086 sepultus
1706 2031 1939 2072 Roskildie
1985 2031 2032 2071 in

385 2108 574 2149 ecclesia
608 2106 858 2148 cathedrali
891 2106 936 2145 in
970 2106 1111 2146 choro
1143 2104 1268 2145 iuxta
1301 2105 1451 2146 maius
1483 2105 1637 2146 altare.

471 2288 545 2328 XI.
597 2251 817 2330 Mortuo
836 2286 1058 2326 Swenone
1073 2285 1250 2338 Anglici
1268 2289 1310 2325 et
1327 2285 1496 2337 Norici,
1514 2284 1774 2325 dominium
1794 2286 2032 2325 Danorum

387 2361 703 2412 detractantes,
737 2359 1036 2399 Ethwardum
1071 2362 1113 2399 et
1138 2358 1338 2399 Olauum
1375 2371 1511 2411 super
1543 2370 1589 2398 se
1618 2368 1742 2409 reges
1767 2361 2032 2398 statuerunt.

478 2460 509 2495 1.
535 2459 576 2494 in
596 2458 853 2494 adiutorium
870 2457 984 2502 VAS,
1005 2468 1082 2493 om.
1102 2457 1146 2492 D.
1200 2457 1235 2493 2.
1260 2457 1400 2503 saggit.
1418 2457 1531 2492 olaui
1550 2459 1688 2492 autem
1707 2456 1746 2492 S.
1804 2456 1837 2492 3.
1856 2456 2032 2492 archum

389 2517 427 2553 S.
490 2516 525 2552 5.
557 2515 720 2562 spiculo
739 2514 814 2551 AS.
885 2514 1091 2560 transfigit
1108 2514 1147 2550 S.
1209 2515 1231 2550 5
1253 2514 1319 2550 -6,
1352 2514 1497 2550 eodem
1531 2513 1678 2549 fuisset
1701 2513 1794 2549 loco
1814 2513 1860 2559 S;
1889 2513 2036 2549 fuisset

389 2574 535 2610 eodem
568 2573 662 2609 loco
694 2572 739 2610 Α.
819 2574 852 2609 7.
885 2573 993 2608 inter
1025 2572 1137 2607 diras
1171 2571 1302 2607 vndas
1335 2571 1374 2607 S.
1449 2571 1514 2607 sui
1546 2581 1624 2606 om.
1656 2570 1731 2606 As.
1803 2571 1911 2606 8—9.
1941 2569 2034 2616 fort.

389 2635 521 2667 totum
555 2631 682 2666 alium
716 2641 848 2666 exerc.
927 2630 988 2666 10.
1022 2629 1102 2665 tela
1134 2639 1210 2665 om.
1245 2629 1283 2665 S.
1366 2627 1599 2664 iacentibus
1631 2628 1708 2672 As,
1739 2627 1807 2664 sed
1836 2638 1939 2664 corr.
1974 2624 2032 2664 Sl.

393 2689 455 2725 11.
485 2688 589 2724 adeo
614 2688 728 2734 quod
752 2688 797 2724 D.
864 2688 925 2723 13.
950 2686 1212 2733 compulsam
1231 2686 1270 2723 S.
1334 2686 1397 2722 15.
1422 2686 1464 2721 in
1491 2685 1595 2721 mari
1621 2686 1657 2721 d.
1684 2688 1723 2721 et
1749 2696 1777 2721 s.
1795 2686 1839 2721 Α,
1903 2685 1965 2721 17.
1992 2685 2034 2720 in
2099 2694 2102 2695 ⁷

391 2758 421 2782 r.
453 2757 529 2781 suo
563 2745 709 2781 cedere
743 2746 788 2780 D.
861 2745 922 2780 18.
957 2743 1241 2780 Rimbrandus
1271 2743 1391 2780 Saxo.
1468 2742 1637 2778 harrico
1672 2743 1760 2788 DA3
1799 2742 1960 2778 hairico
1993 2742 2032 2779 S.

391 2803 590 2839 marchas
609 2803 654 2839 D.
718 2803 780 2838 19.
801 2802 1003 2838 fulbertus
1020 2803 1070 2846 Α;
1092 2800 1313 2836 fubbertus
1331 2800 1372 2836 S.
1432 2800 1524 2836 Oth.
1543 2811 1658 2835 awus
1677 2799 1715 2836 S.
1777 2800 1841 2835 21.
1859 2799 2036 2846 primor-

392 2861 510 2905 dia(!)
549 2871 625 2896 sua
665 2859 704 2896 S.
793 2859 896 2905 ob(!)
928 2861 973 2896 Α.
1063 2859 1126 2894 22.
1159 2858 1275 2894 senifi
1309 2859 1354 2895 V.
1447 2857 1510 2894 23.
1551 2857 1665 2892 cultu
1702 2856 1827 2902 codd,
1869 2856 2036 2893 correxi.

392 2955 415 2988 p
441 2928 611 2977 [fissime
641 2941 735 2986 (pro
761 2927 986 2987 pst-tissime)
1019 2939 1058 2975 S.
1135 2939 1200 2975 24.
1234 2934 1350 2975 roskl
1376 2938 1435 2973 vel
1466 2923 1582 2973 rosde
1612 2936 1723 2973 codd.
1801 2937 1865 2973 25.
1897 2936 2037 2972 kathe-

393 2998 498 3033 drali
525 2998 570 3034 V.
634 2997 753 3033 Hanc
784 2999 922 3033 nolam
955 2996 1197 3043 epitomator
1225 2995 1273 3031 de
1302 3005 1375 3031 suo
1407 2994 1562 3040 adiecit,
1596 3004 1766 3040 eumque
1795 2994 1951 3030 secutus
1982 2994 2038 3029 est

394 3055 532 3090 Petrus
568 3055 679 3098 Olai,·
713 3054 754 3089 1‘11
786 3054 893 3090 Amr.
922 3053 1069 3100 Ryens.
1101 3055 1173 3088 est:
1208 3055 1398 3098 portatus
1431 3052 1641 3088 Roskildis
1673 3051 1815 3096 ibique
1847 3050 2036 3097 sepultus

395 3115 466 3148 est.
493 3133 531 3136 —
559 3113 622 3149 26.
657 3111 868 3158 Inscriptio
901 3111 941 3146 ιή
967 3111 1019 3148 D:
1055 3110 1334 3147 Gamleknuth
1369 3110 1457 3155 6893
1489 3109 1529 3144 in
1561 3110 1615 3145 A:
1651 3109 1709 3144 De
1742 3108 1848 3154 Rege
1879 3108 2036 3143 kanuto

397 3170 545 3215 primo,
576 3171 611 3204 el
642 3169 682 3204 in
716 3180 864 3215 mara:
898 3178 1092 3204 Lxxxvm.
1125 3166 1297 3203 Gamble
1322 3166 1444 3202 Knud
1480 3168 1545 3202 son
1577 3167 1599 3211 (!
1621 3176 1698 3212 pro
1726 3165 1864 3210 suend)
1899 3167 2034 3201 son.—

397 3227 461 3263 27.
496 3235 631 3272 regem
665 3226 777 3262 codd.
851 3225 896 3261 In
930 3235 1060 3271 mary.
1095 3225 1148 3260 D:
1183 3224 1251 3259 hic
1282 3223 1332 3260 de
1364 3226 1508 3259 sancto
1541 3222 1677 3260 olauo.
