2150 3584
300 1325 341 1356 10

301 1686 342 1717 15

301 2048 344 2079 20

304 2410 346 2440 25

305 2769 347 2800 30

366 213 444 253 136
703 222 976 251 SCRIPTORES
1011 221 1236 251 fflsToRiAE
1269 221 1445 249 DANlcAE
1477 221 1675 249 MlNOREs

1158 335 1214 393 X

365 443 527 485 molari
568 443 614 483 in
654 442 936 496 profundum
975 441 1192 482 demersit
1230 441 1397 494 abyssi.
1462 441 1641 482 Fratres
1682 454 1866 496 quoque
1898 440 2009 494 eius,

364 517 588 570 quosdam
622 515 817 566 adultos,
849 513 964 554 alios
988 516 1223 554 uernanz‘es
1251 514 1457 563 iuuenes,
1489 514 1715 566 quosdam
1735 513 2010 567 impuberes,

364 587 534 641 (decem)
580 600 788 639 numero,
834 586 954 626 ferro
1004 586 1138 626 iussit
1182 586 1295 626 haut
1342 584 1608 638 patrisando
1655 585 1820 626 necari.
1894 585 2009 626 Cum

365 664 517 701 autem
563 659 678 700 tanti
724 658 906 699 sceleris
953 662 1085 699 autor
1131 658 1370 710 extitisset,
1417 657 1688 711 regulosque
1734 657 2012 711 pullulantes

365 745 547 786 prorsus
601 732 891 785 exfirpasset„
944 731 991 771 in
1046 731 1164 783 regie
1221 729 1515 771 sublimitatis
1573 733 1794 782 potestate
1839 729 2011 770 iustum

365 805 521 846 diuine
552 804 751 859 potentie
782 803 996 844 iuditium
1024 803 1285 856 uindexque
1309 801 1570 843 innocentie
1598 802 1778 842 sceleris
1804 805 2012 842 autorem

366 877 457 918 oris
513 877 583 918 sui
638 876 799 930 spiritu
856 888 964 916 mox
1018 875 1246 916 contriuit.
1338 873 1503 929 (Ipsum
1550 873 1680 927 enim)
1724 873 1772 915 in
1817 873 2013 916 Vrnensi

365 950 531 1003 placito
565 949 709 1002 Plogh
742 948 877 1001 Niger
917 948 1102 989 militari
1142 960 1313 989 corona
1355 947 1572 1000 stipatum
1604 947 1763 988 lancea
1792 951 2013 988 transuer-

367 1022 558 1063 berauit.

1051 1204 1174 1246 CAP.
1209 1205 1325 1246 XVI.

464 1277 750 1365 Interempto
787 1311 942 1365 itaque
973 1322 1076 1363 rege
1107 1310 1226 1352 alius
1260 1311 1486 1352 Henricus
1517 1310 1833 1361 intronizatus,
1874 1324 2012 1366 quem

368 1385 426 1425 ob
468 1384 686 1425 melliflue
727 1382 983 1424 dulcedinis
1030 1382 1335 1424 habitudinem
1376 1384 1556 1436 Agnum
1603 1383 2012 1436 cognominabant3

367 1456 498 1498 cuius
533 1455 819 1510 temporibus
860 1455 1092 1496 uberrima
1141 1460 1411 1497 cunctarum
1457 1469 1611 1497 rerum
1658 1455 1803 1497 extitit
1840 1456 2014 1497 habun-

368 1529 535 1569 dantia.
598 1528 701 1578 Quo
733 1527 948 1568 defuncto
982 1527 1202 1581 Canutus,
1244 1527 1397 1580 Magni
1430 1527 1552 1568 filius
1584 1514 1758 1582 (illius),
1797 1541 1935 1582 quem
1967 1527 2014 1568 in

369 1600 565 1642 Schania
605 1613 742 1654 supra
784 1598 1094 1653 (meminimus)
1133 1599 1418 1647 occubuisse,
1465 1599 1511 1640 in
1542 1599 1809 1652 Vibergensi
1847 1600 2014 1653 placito

369 1677 547 1714 creatus
594 1673 641 1713 in
686 1683 859 1725 regem,
907 1672 1120 1713 Suenone
1165 1685 1191 1713 a
1238 1672 1547 1713 Scanensibus
1593 1672 1887 1725 intronizato,
1936 1671 2015 1726 qui

368 1746 491 1786 filius
522 1758 660 1799 supra
693 1744 935 1786 memorati
967 1744 1164 1785 crudelis
1196 1744 1340 1786 extitit
1373 1744 1568 1786 Henrici.
1633 1744 1724 1796 Qui
1757 1745 1869 1785 dum
1901 1744 2017 1786 inter

370 1831 417 1859 se
448 1830 692 1858 numerose
724 1818 1019 1869 decertarent,
1059 1817 1377 1869 Valdemarus,
1424 1830 1552 1858 sacro
1585 1830 1747 1859 cruore
1778 1817 2016 1867 oriundus,

370 1889 730 1943 Ringstadiensis
763 1889 928 1931 Canuti
959 1889 1097 1942 filius⁷
1145 1889 1287 1943 patris
1328 1893 1439 1930 tunc
1469 1890 1641 1943 potitus
1672 1889 1839 1943 (feodo),
1885 1889 2016 1943 quasi

371 1962 548 2004 medius
594 1962 684 2003 illis
723 1962 951 2002 alternum
991 1961 1288 2016 impendebat
1329 1962 1601 2003 subsidium.
1665 1963 1773 2003 Post
1817 1962 2014 2003 multum

370 2039 521 2075 autem
569 2034 808 2088 temporiS,
866 2034 1023 2075 habito
1076 2035 1269 2075 consilio
1314 2034 1362 2075 in
1410 2034 1654 2087 Lalandia,
1714 2035 2017 2076 decreuerunt

370 2107 527 2148 arbitri
556 2120 670 2162 equa
703 2106 945 2161 partitione
969 2119 1160 2160 regnum
1185 2107 1232 2148 in
1256 2107 1341 2148 tria
1367 2106 1524 2161 partiri
1549 2111 1827 2162 pactumque
1852 2107 2017 2149 federis

371 2179 643 2220 sacramenti
683 2179 897 2220 firmitate
935 2180 1163 2221 roborare.
1227 2180 1321 2221 Nec
1360 2179 1438 2220 diu
1483 2179 1602 2233 pacti
1649 2179 1787 2220 huius
1834 2179 2018 2220 durauit

371 2252 620 2304 firmitudo,
652 2255 788 2305 prout
817 2252 882 2293 rei
914 2252 1060 2293 exitus
1091 2252 1317 2306 probauit.
1377 2252 1495 2293 Nam
1527 2256 1732 2306 tempore
1763 2251 2017 2292 autumnali

372 2324 417 2364 in
445 2324 761 2365 Roschildensi
791 2324 974 2365 ciuitate
1006 2324 1233 2366 celebrato
1266 2324 1458 2366 consilio
1490 2328 1580 2365 tres
1611 2324 1773 2378 prefati
1806 2323 2016 2365 sollenni-

373 2399 526 2436 zantes
549 2409 639 2436 una
665 2396 960 2449 conueniunt,
986 2398 1108 2451 apud
1129 2397 1390 2438 Suenonem
1415 2396 1564 2451 primo
1589 2408 1741 2449 regem
1767 2397 2014 2450 epulantes.

374 2469 477 2518 Qui,
524 2469 682 2508 dolum
726 2473 1068 2522 commentatus,
1115 2469 1242 2523 pacis
1288 2469 1486 2523 fideique
1532 2469 1786 2522 integritate
1831 2468 2017 2521 uiolata,

373 2544 577 2593 tempore
616 2541 829 2594 serotino,
877 2545 979 2595 post
1024 2554 1240 2595 uesperas
1287 2542 1550 2594 celebratas,
1596 2541 1829 2583 instructis
1866 2541 2018 2582 catho-

375 2611 546 2652 licianis
587 2613 763 2654 Canuto
807 2617 848 2654 et
878 2614 1154 2655 Valdemaro
1196 2618 1390 2655 mortem
1432 2613 1733 2655 machinatur.
1796 2613 2017 2655 Extinctis

375 2697 484 2725 uero
516 2684 821 2726 luminaribus
852 2686 1081 2727 Canutum
1115 2686 1335 2740 martyrio
1367 2690 1640 2727 coronantes
1671 2686 2017 2736 interemerunt3

374 2755 700 2796 Valdemarum
733 2742 938 2811 (autem),
970 2758 1081 2798 dum
1114 2757 1268 2799 stricto
1301 2770 1522 2798 mucrone
1545 2757 1782 2799 confodere
1807 2757 2017 2798 moliren-

466 2958 498 2992 1.
533 2956 791 3002 profundum
825 2957 964 3003 abyssi
996 2956 1036 3006 (i.
1070 2969 1099 2995 e.
1132 2957 1287 3008 maris),
1317 2959 1389 3005 cfr.
1423 2959 1682 2995 Ecclesiastic.
1717 2959 1819 3007 1,1;
1851 2958 2017 3005 2332&-

377 3012 442 3058 24,
463 3014 497 3049 8.
561 3014 595 3050 2.
628 3014 669 3049 in
703 3014 848 3049 uanies
879 3013 975 3062 (pro
1008 3011 1234 3064 u‘rnantes).
1302 3017 1337 3053 5.
1370 3017 1545 3063 priores.
1612 3017 1646 3052 7.
1680 3016 1766 3052 oris
1798 3028 1827 3054 s.
1860 3027 1889 3053 s.
1920 3026 2017 3052 con-

380 3070 504 3114 triuit‚
536 3070 605 3116 cfr.
644 3069 873 3107 Thessalon.
908 3070 955 3117 II,
989 3072 1026 3117 2,
1047 3071 1080 3108 8.
1161 3074 1219 3109 ll.
1252 3073 1565 3109 abundantiam.
1638 3073 1702 3109 21.
1734 3073 1891 3109 arbiter
1920 3071 2016 3123 (pro
