2150 3584
533 213 828 242 COMPENDWM
861 212 1059 242 sanxonis.
1109 214 1191 242 Lm.
1225 214 1283 242 xn
1642 204 1721 244 387

79 328 240 370 stincte
285 327 531 368 audiretur.
608 327 752 368 Tante
799 330 950 367 autem
1000 327 1315 368 beniuolencie
1364 329 1459 379 suit,
1508 333 1564 378 vt,
1612 330 1721 369 dum

79 401 302 455 populum
349 399 607 452 dimitteret,
654 400 855 452 rogabat,
909 404 954 439 vt
1001 399 1197 440 familias
1245 414 1351 441 suas
1398 402 1522 441 domi
1579 402 1723 454 ipsius

79 472 266 514 nomine
298 472 560 514 salutarent.
624 472 834 512 Habebat
879 472 1022 513 eciam
1066 473 1464 513 mansuetudinem
1509 485 1720 525 magnam

78 558 184 586 cum
208 545 354 598 rigore
385 545 576 597 iusticie,
609 557 692 586 nec
719 557 1013 598 oppressores
1038 557 1292 597 pauperum
1320 546 1463 586 voluit
1488 547 1722 597 sustinere,

79 618 156 658 sed
189 629 490 672 quoscunque
524 617 747 658 violentos
788 621 829 658 et
870 618 1094 670 predones
1128 618 1376 671 suspendio
1416 619 1721 672 consumpsit;
1748 623 1767 653 5

77 690 380 744 quamobrem
419 690 710 742 magnatibus
749 689 1091 741 formidolosus,
1131 690 1209 729 sed
1250 691 1550 743 popularibus
1590 704 1722 732 carus

77 762 173 803 fuit.
235 763 404 804 Verum
445 763 528 802 has
573 762 761 803 virtutes
807 773 998 814 magnas
1044 762 1138 803 sola
1181 762 1370 803 libidine
1415 763 1721 814 deformabat3

77 834 293 889 quamuis
339 835 459 875 enim
504 834 730 875 Botildam
778 847 965 875 vxorem
1013 835 1201 875 haberet
1247 835 1454 875 moribus
1495 840 1537 876 et
1575 836 1720 877 forma

78 907 451 960 pulcherrimam,
483 911 637 948 tamen
670 907 955 948 concubinas
986 907 1181 947 nimium
1210 906 1538 961 frequentabat.
1587 909 1719 959 Quod

77 993 190 1021 vxor
236 979 333 1020 eius
378 979 494 1020 adeo
536 979 766 1033 pacienter
798 979 1027 1032 sustinuit,
1066 982 1113 1020 vt
1144 979 1333 1032 puellas,
1379 993 1493 1034 quas
1536 981 1666 1022 sciret
1697 994 1721 1021 a
1751 987 1791 1017 10

77 1053 175 1094 viro
221 1052 442 1104 adamari,
496 1052 612 1093 inter
657 1052 954 1107 pedissequas
1002 1065 1109 1093 suas
1161 1051 1378 1105 reciperet
1426 1057 1722 1107 maternoque

77 1124 228 1166 studio
260 1125 446 1177 foueret,
479 1137 544 1177 ac,
577 1129 623 1166 vt
654 1125 939 1179 pulchriores
971 1124 1246 1176 viderentur,
1286 1124 1384 1177 ipsa
1418 1138 1493 1165 eas
1526 1127 1721 1179 propriis

77 1197 293 1238 manibus
325 1197 588 1239 adornaret:
637 1197 696 1238 ita
741 1198 942 1252 prudens
985 1196 1150 1237 mulier
1185 1200 1228 1237 et
1264 1201 1387 1237 casta
1434 1198 1606 1238 amoris
1652 1199 1721 1239 sui

76 1270 351 1324 raptricibus
376 1284 468 1311 non
501 1270 675 1323 odium,
707 1271 830 1324 quod
860 1273 1137 1321 meruerunt,
1170 1269 1380 1322 ostendit,
1413 1271 1490 1310 sed
1522 1271 1720 1322 graciam

77 1342 292 1395 erogauit.
356 1343 528 1384 Habuit
558 1347 711 1384 autem
746 1343 908 1384 Ericus
939 1346 1028 1382 tres
1061 1342 1198 1382 filios:
1242 1342 1496 1382 Haraldum
1529 1343 1585 1384 de
1617 1356 1721 1384 con-
1749 1349 1788 1379 15

76 1415 259 1468 cubina,
294 1416 528 1456 Kanutum
561 1416 617 1456 de
649 1415 959 1467 matrimonio,
993 1415 1178 1455 Ericum
1208 1415 1264 1454 de
1295 1415 1518 1456 adulterio
1546 1420 1719 1456 natum.

79 1487 250 1528 Habuit
296 1487 440 1529 eciam
485 1488 704 1541 speciales
749 1487 866 1528 filias
911 1488 966 1528 de
1006 1487 1291 1539 concubinis,
1338 1500 1534 1540 quarum
1583 1501 1720 1528 vnam

76 1560 200 1600 dedit
232 1560 415 1601 cuidam
451 1560 680 1615 Haquino,
721 1560 799 1615 qui
832 1559 1105 1614 promiserat
1134 1559 1367 1600 vindicare
1407 1572 1564 1601 necem
1599 1560 1722 1601 Bior-

78 1633 226 1685 nonis,
259 1633 410 1673 fratris
428 1633 549 1674 Erici
560 1648 570 1684 3
602 1645 710 1673 nam
730 1633 882 1685 Biorn,
911 1632 1115 1673 Holzatis
1143 1636 1184 1672 et
1201 1632 1488 1673 Thetmarcis
1506 1633 1720 1689 subactis,

77 1717 182 1745 cum
216 1705 529 1746 municionem
561 1705 648 1746 sibi
680 1705 827 1747 facere
858 1706 991 1747 vellet
1021 1706 1068 1746 in
1101 1718 1151 1747 ea
1185 1705 1349 1756 insula,
1382 1691 1472 1759 <in>
1504 1719 1592 1760 qua
1618 1707 1719 1747 Vffo
1746 1713 1788 1743 20

78 1777 208 1818 Stark
255 1790 360 1818 cum
403 1778 585 1819 duobus
619 1778 877 1819 Saxonibus
917 1778 1168 1830 dimicauit,
1209 1791 1234 1818 a
1273 1778 1474 1831 quodam
1508 1778 1719 1831 populari

77 1863 157 1903 per
187 1850 305 1891 latus
338 1851 495 1892 lancea
527 1851 774 1892 transfixus
807 1855 884 1892 est.

162 1922 238 1963 111.
287 1923 351 1964 Ea
398 1927 665 1977 tempestate
707 1923 831 1964 Slaui
878 1936 957 1977 per
995 1923 1164 1977 piratas
1198 1923 1386 1963 Daciam
1429 1922 1719 1973 infestabant,

76 1995 370 2049 nobilemque
422 1995 571 2037 virum
619 1997 846 2037 Autonem
894 1996 1011 2037 inter
1057 1996 1297 2036 Falstriam
1354 1999 1395 2035 et
1442 1994 1716 2035 Sialendiam

75 2067 351 2109 occiderunt.
414 2069 526 2110 Eius
558 2069 695 2109 frater
727 2069 899 2110 Skialm
935 2068 1057 2109 Hwit
1095 2069 1210 2109 adeo
1242 2080 1400 2108 necem
1434 2067 1531 2108 eius
1564 2079 1717 2108 coram
1745 2075 1786 2106 25

73 2143 191 2181 terra
217 2141 596 2195 conquerebatur,
628 2146 674 2183 vt
699 2141 961 2182 communis
989 2140 1223 2194 expedicio
1251 2140 1375 2192 regni
1406 2140 1528 2180 tieret
1561 2144 1717 2180 contra

75 2212 249 2254 Slauos.
298 2213 416 2254 Dani
441 2213 576 2265 igitur
599 2214 824 2260 Julinum.
857 2214 1158 2254 fortissimum
1184 2213 1376 2265 opidum
1403 2212 1568 2262 Slauie‚
1601 2212 1718 2265 capi-

74 2289 198 2326 entes
231 2299 391 2327 omnes
409 2286 593 2339 piratas,
625 2300 742 2340 quos
767 2286 829 2327 ibi
855 2287 1145 2336 inuenerunt,
1170 2285 1398 2325 horrenda
1428 2289 1572 2325 morte
1598 2298 1719 2338 pere-

163 2444 195 2479 1.
227 2443 358 2478 eciam
389 2441 486 2492 (pro
517 2440 673 2491 autem)
706 2443 750 2478 D.
842 2442 876 2479 3.
909 2442 1108 2478 salutaret
1140 2441 1178 2477 S.
1270 2440 1460 2477 Habebat
1491 2443 1586 2476 etc.:
1635 2440 1719 2476 haec

73 2499 316 2546 epitomator
353 2500 497 2536 rectius
537 2500 613 2536 hoc
645 2500 729 2536 loco
760 2498 880 2536 habet
910 2509 1034 2546 quam
1067 2500 1195 2534 textus
1224 2497 1412 2543 Saxonis,
1461 2498 1501 2534 in
1542 2508 1620 2544 qao
1658 2508 1716 2541 ea,

73 2567 163 2603 quoe
202 2556 331 2593 verbis
366 2557 642 2603 epitomatoris
681 2568 712 2593 υ.
747 2556 870 2593 7-16
902 2556 1120 2603 propositis
1151 2555 1394 2601 respondent
1431 2554 1598 2603 (Verum
1641 2555 1717 2590 has

74 2614 366 2651 virtutes..de
393 2615 599 2651 adulterio
632 2612 803 2661 natum),
836 2613 968 2660 inepte
998 2615 1091 2648 ante
1121 2623 1166 2648 ea
1195 2614 1419 2658 ponantur,
1454 2623 1543 2659 quae
1574 2611 1640 2647 liic
1671 2611 1719 2648 de

73 2670 182 2707 Erici
213 2671 524 2708 mansuetudine
553 2672 766 2714 dicuntum
802 2670 889 2706 sine
919 2669 1041 2706 dubio
1073 2671 1200 2705 textus
1229 2669 1403 2705 Saxonis
1436 2668 1618 2704 turbatus
1649 2670 1715 2704 est.

75 2727 110 2764 6.
141 2731 182 2764 et
210 2727 308 2776 (pro
338 2727 428 2776 sed)
458 2728 498 2765 S.
589 2729 623 2765 7.
664 2737 834 2774 magnas
866 2738 944 2764 om.
976 2727 1051 2763 AS.
1142 2727 1177 2762 8.
1217 2727 1365 2762 habuit
1397 2726 1437 2763 S.
1532 2727 1592 2762 10.
1628 2726 1717 2761 eius

73 2796 175 2821 vxor
213 2786 259 2822 V.
353 2786 415 2822 13.
460 2785 684 2822 adornauit
729 2783 805 2820 AS.
899 2785 960 2821 18.
1006 2783 1172 2819 cuidam
1215 2794 1315 2820 corr.
1363 2793 1412 2818 ex
1456 2783 1625 2829 quidam
1669 2783 1714 2818 V.

13 2858 17 2862 ·
73 2840 336 2891 byorn(onis)
353 2843 399 2878 D.
462 2843 524 2879 19.
541 2842 703 2878 hocatis
721 2845 760 2878 et
777 2841 1004 2878 themar-cis
1021 2840 1073 2885 Α;
1103 2838 1308 2888 hol(z)atis
1326 2844 1365 2876 et
1383 2838 1653 2888 the(t)mercis
1672 2840 1716 2875 V.

73 2899 137 2935 20.
162 2899 204 2934 in
230 2899 381 2936 addidi.
449 2911 532 2946 qua
556 2910 635 2935 om.
663 2899 708 2934 V.
773 2899 835 2934 24.
869 2898 1052 2934 authone'
1078 2898 1132 2942 V;
1167 2901 1331 2933 atonem
1358 2897 1397 2933 S.
1462 2898 1526 2932 25.
1561 2896 1718 2932 skialm-

73 2956 175 2992 hwit
199 2956 252 3001 V;
286 2956 426 2992 skialm
459 2957 572 2993 hwid
598 2956 647 3000 S;
680 2956 832 3002 skyalm
866 2955 1010 2991 hwidh
1035 2956 1079 2991 Α.
1154 2954 1258 2990 adeo
1291 2965 1367 2990 om.
1394 2954 1434 2990 S.
1498 2954 1559 2989 26.
1595 2952 1656 3001 9ss
1684 2953 1716 2988 V

72 3011 124 3061 (et
153 3013 303 3049 similia
334 3013 574 3060 compendia
604 3024 680 3059 pro
711 3012 949 3048 communis
981 3011 1132 3048 habent
1161 3009 1261 3058 AS);
1304 3010 1366 3048 oss
1397 3010 1462 3059 (τ.
1484 3011 1620 3046 omnis
1655 3008 1713 3056 D).

73 3070 189 3117 regni
220 3081 298 3106 om.
329 3070 407 3106 As.
470 3071 532 3106 28.
567 3070 827 3116 perimerunt
859 3071 903 3104 Α.
