2150 3584
509 196 821 236 ἐοΜΡΕΝυινΜ
856 207 1054 237 sAxoiws.
1104 209 1186 237 mn.
1222 208 1279 236 vu
1645 199 1724 237 307

79 322 269 363 fratrum
302 333 493 362 suorum
526 320 736 361 Alfonem
771 325 812 361 et
844 322 1057 373 Algerum
1095 322 1352 363 trucidauit.
1425 321 1599 362 Deinde
1632 335 1727 362 mu-

80 393 208 435 liebri
254 396 376 434 veste
423 396 607 446 sumpta
655 393 830 434 curiam
876 393 1019 446 Sigari
1054 394 1176 446 adiit,
1221 398 1263 435 vt
1296 407 1400 434 cum
1436 394 1583 446 Signae
1623 407 1726 435 con-

79 465 294 508 cumbere
341 469 494 519 posset
540 466 729 518 occulte,
786 466 903 507 sicut
958 466 1074 507 inter
1126 480 1202 508 eos
1250 466 1395 507 fuerat
1441 467 1725 510 condictum:

80 538 282 592 dixitque
316 550 362 578 se
394 551 492 578 esse
524 538 744 580 seminam
777 539 1092 592 pugnatricem
1129 552 1180 579 ac
1214 539 1435 579 nuncium
1472 538 1639 579 habere
1672 540 1727 579 ad

81 610 301 662 Sigarum.
380 609 588 664 Cumque
629 610 744 653 inter
786 613 1083 665 pedissequas
1130 612 1186 651 ad
1236 612 1401 652 lectum
1443 610 1728 663 reciperetur,
1755 618 1773 647 5

80 685 125 724 vt
155 682 393 723 honestius
426 682 465 722 ei
504 682 629 723 fieret
667 684 887 735 tanquam
923 683 1104 735 nuncie,
1146 684 1313 724 lectum
1348 696 1452 724 cuin
1488 682 1634 734 Signae
1668 683 1729 722 in-

80 754 227 796 trauit.
306 755 427 795 Dum
474 758 627 795 autem
675 754 864 795 Veneris
911 756 1090 796 actibus
1137 759 1485 809 occuparentur,
1532 755 1729 808 quesiuit

82 827 355 879 Hagbardus
394 827 452 868 ab
485 840 549 878 ea,
597 826 707 881 quid
750 827 882 868 vellet
922 828 1083 878 facere,
1131 828 1167 868 si
1206 828 1302 881 ipse
1344 831 1502 881 captus
1536 831 1727 868 mortem

81 899 264 940 subiret.
313 899 394 940 Illa
413 899 647 953 respondit
672 912 720 940 se
738 900 926 941 vlterius
953 914 1046 941 non
1065 901 1310 949 victuram3
1343 900 1465 953 quod
1494 903 1534 939 et
1560 899 1727 940 factum

81 975 157 1013 est.
222 972 339 1013 Nam
374 972 648 1025 Hagbardus
688 972 896 1026 sequenti
929 985 1065 1013 mane
1107 976 1268 1027 captus
1310 971 1558 1026 suspendio
1600 972 1732 1012 inter—

81 1048 261 1098 emptus
303 1048 390 1095 est3
437 1045 560 1098 quod
595 1044 742 1097 Signae
783 1045 944 1086 videns
983 1058 1089 1086 cum
1137 1045 1315 1086 ancillis
1361 1044 1454 1085 suis
1496 1058 1543 1085 se
1581 1045 1729 1098 ipsam

81 1116 330 1170 suspendit.
367 1117 500 1158 Hak‘o
525 1121 693 1170 autem,
719 1131 836 1158 vnus
854 1117 1058 1159 filiorum
1079 1117 1329 1169 Hamundi,
1356 1117 1546 1171 cupiens
1572 1131 1730 1159 necem

82 1188 274 1230 fratrum
305 1188 539 1231 vindicare
570 1189 694 1231 venit
724 1190 771 1230 in
804 1191 1016 1243 Daniam,
1049 1194 1185 1245 atque
1217 1190 1417 1231 nauibus
1450 1190 1495 1230 in
1528 1190 1730 1245 quodam

81 1274 249 1315 ampne
275 1262 451 1303 occulte
469 1262 629 1316 positis
646 1266 812 1304 terram
832 1267 1059 1304 nocturno
1077 1268 1283 1317 tempore
1301 1262 1502 1315 intrauit,
1528 1262 1732 1317 dixitque

82 1333 230 1387 sociis,
269 1338 315 1375 vt
355 1334 546 1388 quilibet
586 1348 745 1376 eorum
786 1347 1007 1388 magnum
1049 1349 1232 1377 ramum
1266 1335 1459 1376 viridem
1500 1335 1547 1376 in
1590 1348 1731 1375 manu

82 1410 292 1460 portaret.
384 1406 547 1462 Sicque
594 1407 656 1448 eis
704 1408 880 1449 curiam
929 1408 1072 1461 Sigari
1119 1408 1418 1460 adeuntibus,
1475 1408 1733 1461 speculator

84 1490 270 1520 currens
303 1480 361 1520 ad
393 1479 660 1521 cubiculum
693 1480 790 1521 eius
821 1480 946 1533 dixit,
987 1481 1220 1535 quoddam
1263 1493 1427 1522 nemus
1469 1480 1593 1521 curie
1633 1493 1733 1534 pro-

12 1581 16 1584 ·
84 1551 320 1606 pinquare.
384 1552 568 1604 Sigarus
614 1553 859 1593 aduertens
902 1554 1056 1594 hostes
1103 1566 1214 1605 esse,
1261 1554 1372 1594 dum
1420 1565 1524 1593 cum
1573 1552 1731 1605 paucis

84 1627 241 1665 contra
274 1637 351 1666 eos
383 1624 584 1677 bellaret,
617 1625 797 1666 occisus
829 1629 907 1666 est.

170 1697 221 1738 X.
285 1697 385 1738 Hiis
415 1697 584 1738 auditis
617 1698 916 1750 SiwalduS,
958 1698 1081 1739 filius
1114 1698 1270 1751 Sigari,
1314 1702 1358 1740 vt
1400 1710 1556 1739 necem
1591 1696 1731 1750 patris

84 1768 348 1823 vindicaret,
404 1769 652 1811 exercitum
707 1770 1010 1823 congregauit.
1088 1771 1224 1822 Quod
1279 1771 1447 1812 timens
1495 1770 1628 1810 Hako
1675 1770 1730 1810 ad

84 1853 226 1882 naues
260 1855 366 1883 suas
398 1842 532 1894 fugit;
570 1843 649 1883 sed
681 1842 847 1883 iterum
879 1842 1061 1883 rediens
1093 1843 1205 1883 dum
1238 1856 1318 1896 per
1349 1843 1466 1883 duos
1498 1842 1593 1882 dies
1626 1854 1732 1882 cum

86 1913 283 1955 Siwaldo
326 1919 586 1968 pugnasset,
634 1927 890 1970 magnaque
934 1919 1104 1968 strages
1136 1915 1253 1956 facta
1286 1915 1457 1965 fuisset,
1505 1915 1642 1954 ambo
1686 1914 1731 1954 in

86 1985 204 2027 bello
229 1992 512 2040 corruerunt,
546 1987 748 2041 sociique
769 1987 976 2028 Hakonis
1010 2001 1171 2029 omnes
1195 1986 1454 2040 interempti
1483 1990 1601 2027 sunt.
1650 1987 1734 2026 Per

85 2058 192 2099 talia
234 2059 352 2100 bella
393 2059 529 2113 stirps
561 2060 681 2112 regia
713 2060 760 2100 in
793 2060 942 2101 Dania
975 2061 1089 2101 adeo
1122 2064 1395 2113 consumpta
1429 2063 1507 2111 est,
1554 2062 1599 2099 vt
1640 2062 1732 2098 tota
1760 2068 1797 2098 -.·

87 2131 143 2171 ad
176 2130 429 2185 Gyritham,
464 2132 606 2173 filiam
626 2132 816 2184 Alfonis‚
850 2136 1033 2186 neptem
1053 2133 1209 2185 Sigari‚
1241 2132 1471 2173 videretur
1502 2131 1732 2171 deuoluta.

88 2202 206 2243 Dani
238 2204 328 2245 hoc
359 2204 563 2245 videntes
591 2205 894 2258 popularibus
920 2216 1110 2258 regnum
1136 2204 1424 2245 tradiderunt
1440 2203 1733 2256 feceruntque

88 2275 332 2330 quinque
359 2288 527 2329 reges,
554 2277 821 2319 Ostmarum
841 2277 887 2317 in
907 2277 1085 2330 Scania,
1108 2277 1411 2329 Hundingum
1429 2276 1475 2316 in
1490 2274 1733 2325 Sialendia,

175 2377 210 2413 4.
242 2380 282 2413 et
313 2379 515 2415 nuncium
549 2379 597 2425 S;
629 2390 678 2415 ac
710 2379 929 2426 negocium
959 2379 1003 2414 A.
1066 2380 1100 2415 8.
1133 2379 1185 2414 ab
1218 2389 1265 2414 ea
1297 2388 1376 2417 om.
1402 2377 1442 2414 S.
1506 2377 1542 2414 9.
1577 2381 1657 2414 non
1682 2380 1731 2425 ΥΠ

87 2433 419 2483 iacturam(1)v3
452 2447 535 2472 non
569 2437 777 2472 victurum
804 2436 843 2472 S.
908 2436 967 2472 13.
1001 2436 1042 2471 in
1068 2437 1239 2472 alterum
1269 2446 1346 2471 om.
1372 2435 1417 2471 A.
1487 2434 1668 2480 quadam
1695 2433 1734 2469 S.

92 2491 152 2526 14.
184 2492 352 2542 occulte
379 2493 425 2530 V.
491 2494 554 2529 16.
586 2493 653 2529 Sic
685 2494 766 2530 DV.
842 2493 972 2539 Sigari
1006 2503 1084 2528 om.
1120 2493 1159 2528 S.
1224 2493 1283 2529 17.
1316 2491 1631 2539 apropinquare
1657 2490 1734 2526 AS.

93 2547 154 2584 18.
196 2548 338 2585 hostes
377 2560 468 2586 esse
507 2551 609 2586 dixit
648 2553 686 2586 et
725 2550 824 2586 dum
857 2550 922 2586 AS
961 2549 1005 2594 (S
1038 2552 1172 2585 tamen
1216 2552 1255 2585 et
1285 2551 1389 2594 om).
1482 2549 1545 2585 19.
1588 2551 1733 2584 eontra

91 2604 233 2641 hostes
264 2606 421 2643 bellare
453 2607 575 2644 vellet
607 2608 650 2644 A.
726 2609 790 2643 20.
821 2606 1034 2653 Inscriptio
1067 2607 1108 2642 in
1143 2607 1195 2643 D:
1243 2606 1449 2643 Siwaldus
1483 2606 1569 2641 379:
1609 2606 1650 2641 in
1684 2606 1735 2641 A:

93 2661 151 2698 De
183 2662 291 2709 Rege
323 2664 516 2709 Siwaldo,
557 2666 593 2700 et
625 2664 663 2700 in
699 2674 846 2710 mara:
892 2674 1021 2700 xum.
1054 2663 1199 2700 Siuold
1232 2663 1348 2709 Siger
1381 2664 1460 2707 son,
1501 2664 1537 2698 et
1567 2661 1736 2708 inferius

90 2718 144 2754 ad
189 2730 221 2756 υ.
270 2721 320 2756 28
364 2732 446 2768 sqq.
493 2722 534 2758 in
583 2732 730 2767 mal-95
792 2731 893 2757 .va.
943 2721 1113 2757 Ostmor
1165 2721 1300 2766 konge
1350 2731 1376 2766 y
1424 2719 1569 2755 skaane
1616 2729 1734 2755 ,xrvr

93 2774 291 2823 Hunding
314 2778 448 2825 konge
473 2790 499 2825 y
525 2778 721 2815 Sielandt.
766 2789 890 2814 XLVII.
927 2778 1043 2814 Hane
1075 2789 1100 2824 y
1131 2777 1227 2824 fyen
1254 2777 1398 2823 konge.
1447 2786 1586 2812 vam.
1610 2776 1735 2821 Rorig

24 2846 30 2850 ·
91 2831 224 2879 konge
262 2846 287 2881 y
329 2846 453 2872 norre
492 2835 666 2872 iutland.
721 2845 828 2871 xmx.
862 2835 1007 2871 Hatter
1044 2835 1178 2881 konge
1219 2846 1245 2881 y
1284 2833 1445 2880 Syndre
1484 2833 1658 2869 iutland.
1693 2852 1732 2858 —

93 2889 155 2926 20.
188 2891 393 2929 Siwaldus
425 2903 504 2931 om.
536 2892 612 2929 AS.
689 2892 751 2928 23.
784 2895 919 2939 strage
952 2892 1070 2928 facta.
1102 2892 1227 2928 ambo
1259 2892 1312 2936 A;
1353 2894 1512 2936 strages
1544 2889 1735 2935 factaque

91 2945 247 2984 fuisset.
281 2949 405 2985 ambo
439 2949 477 2985 S.
562 2950 625 2985 25.
658 2949 782 2985 dania
814 2949 859 2984 V.
948 2949 1052 2985 adeo
1085 2952 1147 2985 est
1178 2947 1402 2984 anichilata
1435 2948 1486 2992 A3
1533 2947 1636 2983 adeo
1675 2949 1736 2981 est

92 3002 224 3040 deleta
250 3005 289 3041 S.
363 3009 448 3042 tota
475 3006 607 3042 Dania
631 3006 670 3042 S.
733 3007 795 3042 26.
820 3006 1015 3052 giritham
1043 3006 1094 3050 D3
1126 3005 1333 3052 girytham
1359 3005 1402 3040 A.
1478 3003 1673 3050 alphonis
1691 3004 1736 3039 A.

93 3059 158 3098 27.
191 3061 290 3098 dum
322 3061 418 3111 (pro
450 3061 573 3110 Dani)
605 3063 642 3098 S.
705 3064 770 3099 28.
804 3063 1005 3109 liudigum
1039 3063 1078 3099 S.

1759 981 1799 1011 10

1760 1343 1800 1373 15

1758 1706 1800 1736 20
