2150 3584
603 216 898 246 COMPENDWM
930 218 1129 248 SAxoms.
1178 220 1260 249 Lm.
1295 221 1337 249 xi
1710 213 1791 253 373

145 333 391 383 seruntque
417 329 456 371 ei
481 330 769 385 obsequium,
803 331 839 372 si
859 332 1066 384 Angliam
1095 346 1173 386 per
1198 334 1295 375 eius
1320 336 1542 377 auxilium
1572 339 1789 392 consequi

144 402 419 455 potuissent3
453 402 529 456 qui
564 403 628 443 eis
660 404 959 445 consenciens
991 405 1036 445 in
1062 406 1271 458 Angliam
1302 421 1406 448 cum
1441 410 1636 450 exercitu
1666 412 1791 451 naui-

143 474 279 526 gauit.
343 475 518 516 Eodem
551 479 756 529 tempore
788 477 881 516 dux
915 477 1198 519 Normannie
1231 480 1327 532 pari
1361 481 1532 534 impetu
1575 483 1631 522 ad
1665 484 1787 523 aliud

144 546 250 588 litus
281 546 440 599 Anglie
481 548 743 600 applicauit.
793 549 886 590 Rex
917 550 1088 602 Anglie‚
1132 551 1292 592 videns
1332 553 1485 594 hostes
1517 567 1569 594 ex
1609 556 1790 595 duabus

143 619 349 672 partibus
367 619 621 672 imminere,
650 619 1005 673 †dissimulauit
1030 627 1188 663 contra
1216 637 1292 664 eos
1320 625 1459 676 exire;
1492 628 1612 679 quod
1636 628 1787 668 Norici

141 692 376 733 credentes
401 705 454 732 ex
473 696 593 734 metu
621 694 865 746 prouenire
886 698 1051 735 terram
1072 696 1218 735 securi
1247 695 1534 738 intrauerunt
1553 699 1789 752 spoliaque

141 769 182 806 et
214 765 347 806 cedes
379 765 630 806 ediderunt.
695 765 822 816 Quos
855 766 1051 820 sparsim
1083 772 1298 820 vagantes
1332 773 1374 809 et
1405 770 1580 811 diuisos
1613 772 1787 824 Anglici

141 838 516 892 superuenientes
547 837 746 879 facilime
778 839 1082 880 trucidabant.
1146 840 1248 891 Qua
1280 841 1467 883 victoria
1500 844 1675 895 Anglici
1712 858 1789 884 au-

139 911 274 951 daces
292 909 398 950 facti
417 910 712 951 Normannos
730 911 1019 962 inuaserunt3
1053 913 1130 952 sed
1151 913 1406 954 Normanni
1434 916 1620 955 adunati
1641 917 1787 968 Angli-

139 995 217 1024 cos
233 983 522 1035 fugauerunt‚
555 994 798 1037 regemque
823 996 983 1025 eorum
1008 984 1055 1025 in
1082 986 1284 1038 quodam
1311 987 1506 1027 obscuro
1526 988 1786 1029 solitudinis

139 1056 239 1096 loco
285 1059 515 1109 repertum
564 1056 843 1097 occiderunt.
922 1057 1063 1098 Cuius
1110 1059 1202 1098 duo
1249 1058 1327 1111 filij
1386 1072 1490 1100 cum
1539 1073 1693 1102 sorore
1741 1062 1784 1102 in

139 1128 329 1169 Daciam
376 1128 739 1180 transfugerunt3
785 1141 902 1183 quos
943 1130 1104 1171 Sweno
1151 1130 1335 1171 racione
1376 1133 1785 1184 consanguinitatis

137 1200 400 1241 humaniter
445 1201 638 1254 collegit,
686 1201 979 1255 puellamque
1027 1203 1310 1243 Rutenorum
1358 1205 1449 1256 regi
1489 1205 1784 1247 Waldemaro

137 1273 324 1313 tradidit
354 1286 556 1325 vxorem‚
604 1274 681 1327 qui
725 1277 766 1314 et
796 1274 1053 1315 Jarislauus
1093 1288 1118 1315 a
1159 1275 1253 1315 suis
1292 1276 1440 1317 dictus
1487 1281 1564 1318 est.
1637 1279 1784 1319 Huius

138 1346 421 1386 Waldemari
459 1359 603 1400 nepos
644 1359 698 1387 ex
738 1346 830 1387 filia
871 1351 966 1388 erat
1002 1351 1156 1388 noster
1187 1348 1414 1400 gloriosus
1446 1350 1782 1403 VValdemarus,

138 1431 307 1458 nomen
340 1431 394 1458 ex
425 1431 478 1459 eo
511 1432 711 1460 sumens,

224 1491 324 1531 IIII.
374 1491 481 1532 Post
512 1492 601 1532 hoc
633 1491 795 1532 Sweno
827 1491 872 1531 in
908 1503 1072 1544 magna
1106 1494 1404 1547 prosperitate
1436 1496 1660 1547 regnauit3
1704 1497 1781 1550 qui

136 1563 183 1603 in
207 1563 425 1604 omnibus
444 1567 538 1604 erat
555 1565 789 1605 humanus
806 1568 848 1605 et
864 1565 1052 1605 illustris
1079 1565 1330 1620 diuinoque
1349 1567 1489 1608 cultui
1515 1568 1781 1621 ampliando

136 1639 179 1676 et
217 1636 418 1677 ecclesiis
458 1637 779 1678 construendis
819 1637 1018 1678 intentus
1061 1642 1166 1679 erat.
1228 1639 1398 1680 Verum
1432 1640 1557 1681 hunc
1599 1654 1779 1682 morum

136 1709 427 1762 splendorem
446 1709 542 1749 sola
561 1708 765 1750 libidinis
782 1709 1143 1764 intemperancia
1158 1712 1439 1763 maculabat3
1459 1726 1565 1753 nam
1578 1714 1777 1766 plurium

135 1781 381 1822 illustrium
415 1782 673 1834 puellarum
706 1782 910 1823 castitate
934 1783 1102 1824 violata
1133 1784 1313 1824 nullum
1341 1784 1517 1839 quidem
1546 1786 1694 1826 filium
1728 1800 1780 1827 ex

135 1853 335 1905 legitimo
361 1854 671 1906 matrimonio,
704 1855 782 1895 sed
810 1855 980 1896 multos
1006 1856 1168 1896 habuit
1191 1857 1246 1897 de
1273 1856 1467 1898 diuersis
1495 1858 1779 1909 concubinis,

135 1926 304 1972 scilicet
351 1927 621 1979 Haraldum,
668 1927 821 1977 Gorm,
865 1927 1153 1981 Swenonem,
1195 1929 1481 1981 ssmundum,
1523 1930 1779 1980 Vbbonem,

134 1998 352 2050 Olauum,
386 1999 676 2049 Nicholaum,
711 2000 877 2053 Byorn,
912 2001 1223 2053 Benedictum,
1258 2002 1490 2042 Kanutum
1518 2006 1559 2042 et
1578 2002 1778 2054 Ericum,

134 2075 176 2111 et
215 2071 358 2111 filiam
401 2071 632 2124 Siritham‚
679 2085 818 2126 quam
866 2077 1021 2126 postea
1064 2074 1366 2114 Guthscalcus
1406 2074 1570 2115 Slauus
1618 2075 1811 2115 habuit⁴

134 2157 333 2185 vxorem.
397 2144 571 2185 Deinde
602 2158 694 2197 rex,
740 2145 899 2187 volens
937 2157 1103 2198 vagum
1144 2159 1276 2186 vsum
1320 2147 1494 2187 veneris
1535 2148 1591 2187 ad
1633 2148 1775 2199 legem

220 2261 254 2298 3.
294 2273 365 2298 rex
397 2263 540 2298 Norm.
571 2263 647 2299 AS.
739 2264 773 2299 4.
814 2262 1018 2309 applicuit
1057 2273 1106 2298 ex
1135 2274 1236 2299 corr.
1269 2262 1327 2300 82.
1417 2264 1453 2300 5.
1495 2264 1777 2300 dissimulauit

133 2318 264 2365 codd,
311 2319 429 2364 mire3
490 2320 755 2356 distulerauit
800 2322 943 2355 auctor
982 2320 1189 2366 scripsisse
1234 2320 1400 2366 videtur,
1457 2317 1613 2358 rariore
1659 2321 1776 2357 verbo

134 2376 363 2412 mediaeuali
396 2387 490 2413 usus
518 2388 596 2423 pro
627 2387 682 2423 eo,
716 2377 826 2423 quod
855 2379 913 2412 est
942 2377 1120 2422 distulit;
1153 2377 1228 2414 vid.
1257 2376 1376 2422 Saxo,
1410 2378 1481 2424 qui
1505 2378 1615 2414 dicit:
1648 2389 1773 2424 quam

133 2432 265 2479 ipsius
304 2435 699 2470 cunctationem
739 2435 880 2470 timori
920 2437 1244 2470 consentaneam
1287 2436 1375 2471 rati.
1468 2435 1501 2471 7.
1542 2435 1702 2480 tedestl)
1732 2436 1775 2471 A.

133 2490 386 2527 addiderunt
402 2490 479 2528 AS.
543 2492 578 2528 8.
605 2490 723 2527 verba
748 2491 1095 2538 superuenientes
1115 2522 1120 2527 .
1140 2521 1146 2527 .
1164 2492 1321 2538 Anglici
1348 2502 1425 2528 om.
1447 2492 1490 2527 D.
1556 2492 1615 2528 10.
1642 2493 1776 2528 solici-

132 2547 290 2583 tudinis
322 2547 361 2584 S.
436 2548 497 2584 13.
530 2549 821 2585 Ruthenorum
854 2547 929 2584 AS.
1002 2549 1062 2584 14.
1095 2548 1342 2585 iarisslauus
1374 2550 1415 2584 A.
1493 2549 1628 2584 dictus
1661 2553 1722 2585 est
1753 2560 1774 2584 a

132 2604 220 2640 suis
244 2604 322 2642 AS.
387 2605 448 2641 15.
479 2605 600 2642 wald.
631 2605 841 2652 gloriosus
864 2605 942 2642 AS.
1009 2606 1069 2641 17.
1101 2615 1292 2651 regnans.
1325 2606 1404 2650 Qui
1436 2606 1474 2642 S.
1539 2606 1600 2641 18.
1632 2606 1776 2652 ampli-

133 2662 299 2698 sicando
332 2660 390 2699 S3.
453 2663 516 2699 19.
548 2663 674 2699 huius
707 2663 887 2707 moris(!)
919 2662 996 2698 AS.
1058 2662 1122 2698 20.
1154 2662 1382 2698 maculauit
1415 2663 1453 2698 S.
1513 2662 1609 2698 Post
1640 2674 1777 2698 macu-

131 2717 262 2754 scriba
302 2719 449 2755 codicis
486 2721 519 2755 V
560 2730 688 2755 unum
728 2718 874 2765 folium
918 2718 1128 2765 archetypi
1164 2720 1228 2755 sui
1266 2718 1485 2755 describere
1524 2719 1669 2755 oblitus
1709 2723 1775 2762 est,

133 2775 490 2823 desiderantur-que
550 2777 691 2812 omnia
748 2787 871 2823 usque
922 2776 976 2811 ad
1024 2787 1064 2821 ρ.
1122 2775 1216 2821 376,
1259 2776 1301 2812 5;
1375 2776 1533 2812 desidia
1595 2777 1774 2822 grauari.

133 2833 299 2869 20-21.
339 2833 447 2879 plur.
486 2834 612 2880 puell.
653 2836 752 2870 cast.
795 2834 844 2870 vi.
877 2833 1102 2869 illustrium
1135 2833 1212 2869 AS.
1304 2834 1368 2869 21.
1411 2833 1571 2868 nullum
1605 2834 1774 2879 quidem

132 2890 293 2935 scripsi3
340 2890 588 2937 nullumque
633 2890 745 2926 codd.
836 2891 898 2926 22.
945 2890 1145 2936 legittimo
1194 2891 1237 2925 D.
1329 2891 1393 2926 23.
1442 2890 1673 2926 omundum
1720 2891 1775 2931 A;

132 2947 394 2983 odmundum
414 2948 452 2984 S.
514 2949 579 2984 24.
604 2948 775 2983 olauum
800 2958 877 2983 om.
902 2946 941 2983 S.
1017 2947 1140 2983 nicol.
1160 2946 1235 2982 AS.
1310 2947 1431 2982 biorn
1455 2950 1546 2992 post
1572 2948 1772 2982 kanutum

134 3003 174 3039 in
209 3003 247 3040 S.
323 3004 587 3040 benedictum
621 3015 698 3041 om.
731 3005 774 3039 A.
836 3004 899 3039 25.
931 3007 1060 3049 gutsc.
1092 3004 1144 3048 A;
1181 3013 1291 3050 guse.
1325 3004 1364 3039 S.

200 3084 302 3113 script.
323 3084 388 3107 hist.
412 3084 481 3107 Dan.
503 3085 638 3107 minores.
1526 3073 1568 3102 25

1816 635 1834 663 5

1815 998 1854 1028 10

1812 1359 1850 1390 15

1806 1721 1849 1752 20
