2150 3584
349 1027 389 1057 10

349 1388 389 1418 15

349 1751 391 1781 20

350 2115 391 2145 25

414 247 495 287 256
745 257 1021 285 SCRIPTORES
1055 256 1281 284 HISTORIAE
1316 255 1493 284 DANICAE
1525 255 1724 284 MINORES

415 371 537 411 filius
569 371 692 420 Vff03
738 370 831 425 qui,
878 369 1094 423 quamuis
1142 383 1309 411 coeuos
1356 370 1516 410 habitu
1563 368 1769 422 corporis
1815 370 2061 421 excederet,

413 448 567 484 tamen
606 447 699 483 tarn
742 443 863 483 iners
902 446 943 483 et
985 442 1124 483 hebes
1169 442 1421 493 videbatur,
1468 445 1515 482 vt
1559 441 1740 495 penitus
1786 441 1960 482 inutilis
2004 442 2061 482 ad

415 528 687 568 quecunque
721 514 871 562 officia
904 518 1202 568 reputaretur.
1262 515 1511 569 Nunquam
1544 513 1654 565 risit,
1687 514 1892 567 adeoque
1925 513 2061 565 siluit,

416 592 459 627 vt
491 592 645 627 mutus
678 588 947 628 crederetur.
998 588 1129 627 Pater
1161 587 1295 639 igitur
1327 586 1405 640 filij
1441 585 1703 627 vecordiam
1728 586 2062 640 contemplatus

417 660 454 700 ei
510 659 652 700 filiam
702 659 923 710 Frowini,
986 659 1295 710 Sleswicensis
1350 659 1555 712 prefecti,
1618 658 1663 698 in
1716 658 2062 699 matrimonium

417 732 701 785 procurauit,
763 736 809 772 vt
865 745 946 785 pro
1003 732 1201 784 regendo
1253 743 1391 784 regno
1446 730 1709 784 probissimi
1761 731 1846 771 viri
1892 730 2063 772 auxilio

417 808 625 845 vteretur.
690 804 809 845 Huic
842 804 1040 857 prefecto
1073 809 1200 845 erant
1232 805 1324 845 duo
1357 804 1452 857 filij,
1486 805 1598 844 Keto
1632 807 1674 843 et
1703 803 1858 856 Viggo‚
1891 802 2065 857 probis-

418 877 520 918 simi
547 877 751 929 iuuenes,
777 890 893 931 quos
911 878 1226 918 Wermundus
1252 877 1368 917 sicut
1393 880 1435 917 et
1458 880 1632 930 patrem
1655 889 1811 916 eorum
1836 875 2063 928 diligebat.

423 950 490 991 Eo
523 954 727 1003 tempore
759 950 977 1002 regnabat
1008 950 1130 1003 apud
1159 949 1378 991 Sweciam
1398 949 1581 996 Atislus,
1613 948 1681 989 vir
1712 949 1834 989 fama
1867 952 1908 988 et
1938 947 2068 988 factis

420 1022 711 1076 conspicuus.
785 1022 871 1062 Hic
917 1035 1021 1063 cum
1070 1022 1265 1063 exercitu
1309 1021 1504 1062 Daniam
1551 1021 1740 1061 intrauit
1785 1024 1919 1075 atque
1960 1032 2066 1060 cum

419 1095 632 1136 Frowino
664 1095 834 1135 bellum
860 1095 1007 1147 gessit.
1057 1095 1170 1136 Cum
1206 1098 1358 1135 autem
1392 1105 1556 1146 magna
1591 1098 1758 1146 strages
1791 1107 1844 1134 ex
1875 1096 2063 1146 vtraque

422 1172 546 1221 parte
580 1168 717 1219 fieret,
750 1167 936 1220 contigit
968 1181 1044 1208 eos
1070 1171 1231 1208 mutuo
1257 1166 1344 1208 sibi
1370 1179 1607 1208 occurrere
1632 1179 1684 1207 ac
1710 1166 1849 1207 modo
1875 1165 2067 1206 duellari

417 1240 678 1281 adinuicem
707 1240 939 1281 dimicare.
988 1239 1073 1280 Vbi
1098 1240 1333 1281 interfecto
1353 1241 1387 1280 F
1390 1239 1567 1280 rowino
1585 1239 1755 1280 Atislus
1778 1238 1824 1279 in
1844 1238 2064 1280 Sweciam

417 1312 561 1365 rediit,
594 1313 793 1365 glorians
826 1325 1006 1366 semper
1038 1316 1077 1352 et
1110 1313 1305 1353 inaniter
1337 1326 1383 1353 se
1415 1312 1603 1364 iactans,
1638 1312 1761 1365 quod
1796 1310 2062 1352 Frowinum

418 1385 735 1436 interfecisset3
782 1385 1069 1439 audaciaque
1109 1389 1292 1438 sumpta
1325 1385 1489 1426 iterum
1523 1384 1568 1425 in
1603 1385 1799 1425 Daniam
1833 1397 1938 1424 curn
1971 1387 2065 1424 toto

417 1471 499 1498 suo
547 1458 745 1499 exercitu
792 1458 936 1508 rediit,
984 1471 1172 1511 sperans
1220 1471 1319 1499 eam
1368 1457 1454 1498 sibi
1502 1457 1854 1509 subiugandam.
1928 1457 2061 1507 Quod

416 1530 607 1571 audiens
635 1531 745 1571 Keto
778 1530 1001 1571 indicauit
1018 1531 1321 1583 VVermundo,
1355 1531 1495 1571 misso
1529 1530 1615 1571 sibi
1648 1529 1818 1571 nuncio
1845 1529 2062 1570 Folkone.

417 1604 703 1644 Wermundo
758 1603 894 1656 igitur
941 1616 1046 1644 cum
1095 1603 1238 1644 Danis
1284 1607 1551 1644 occurrente
1598 1603 1768 1643 factum
1817 1606 1882 1643 est
1927 1613 2066 1655 graue

417 1676 608 1726 bellum3
641 1675 909 1730 acciditque,
943 1679 988 1716 vt
1017 1675 1186 1716 Atislus
1214 1676 1409 1717 Folkoni
1443 1676 1564 1716 dicto
1597 1687 1841 1716 occurrens
1873 1687 1978 1716 cum
2012 1687 2064 1716 eo

419 1748 706 1801 singulariter
760 1752 992 1801 pugnaret.
1085 1748 1293 1802 Cumque
1346 1749 1425 1788 diu
1480 1751 1837 1799 concertassent,
1896 1747 2065 1788 Atislus

417 1821 615 1873 grauiter
650 1822 916 1861 vulneratus
948 1821 1005 1861 ad
1038 1834 1180 1861 naues
1213 1834 1320 1861 suas
1352 1820 1477 1873 fugit,
1511 1820 1938 1873 Swecique'omnes
1964 1823 2067 1873 post

418 1905 566 1946 regem
616 1906 752 1934 suum
801 1893 1022 1945 fugientes
1068 1893 1115 1933 in
1163 1893 1383 1935 Sweciam
1431 1897 1538 1934 sunt
1582 1892 1766 1933 reuersi.
1857 1892 2065 1932 Attamen

418 1966 588 2007 Atislus
634 1967 679 2006 in
727 1966 949 2007 solacium
998 1965 1271 2007 verecundie
1317 1978 1397 2006 sue
1445 1978 1624 2019 semper
1672 1978 1718 2005 se
1762 1966 1817 2006 de
1866 1963 2065 2006 Frowini

420 2051 528 2079 nece
573 2038 781 2080 iactabat.
872 2038 970 2092 Filij
1020 2050 1123 2091 ergo
1172 2038 1373 2080 Frowini
1421 2038 1466 2078 in
1515 2037 1734 2079 Sweciam
1783 2037 1965 2078 iuerunt
2011 2041 2065 2089 et,

419 2111 549 2164 quasi
582 2111 760 2165 profugi
794 2112 848 2152 de
883 2112 1044 2161 Dania,
1090 2111 1217 2152 Atisli
1257 2110 1504 2151 seruicium
1537 2111 1834 2151 intrauerunt.
1897 2110 2065 2151 Aduer-

418 2187 561 2224 tentes
607 2188 758 2224 autem
807 2198 910 2225 eum
960 2185 1109 2225 solum
1156 2184 1366 2225 incedere
1420 2182 1604 2224 solitum
1660 2196 1739 2237 per
1784 2196 1973 2225 nemora
2019 2182 2065 2223 in

419 2255 571 2305 armis,
620 2257 867 2309 equitando
914 2258 1116 2310 quodam
1159 2256 1231 2297 die
1270 2260 1577 2310 preuenerunt
1618 2256 1749 2311 eique
1788 2256 1834 2296 in
1879 2268 2065 2297 nemore

419 2333 735 2379 occurrerunt3
797 2329 916 2370 filios
966 2329 1166 2371 Frowini
1213 2342 1259 2370 se
1305 2329 1524 2377 fatentur,
1581 2328 1807 2369 vlcionem
1855 2329 1910 2368 de
1956 2339 2065 2368 nece

510 2486 540 2520 1.
573 2496 726 2521 coeuos
765 2497 864 2522 suos
905 2486 1093 2522 habitum
1137 2487 1341 2533 corpus(!)
1373 2485 1449 2521 AS.
1543 2486 1577 2521 2.
1610 2485 1754 2533 inhers
1796 2484 1878 2520 DV.
1967 2482 2064 2519 ebes

421 2542 533 2586 VAS,
581 2546 623 2578 ut
652 2543 810 2588 saepizm.
890 2545 923 2579 4.
957 2543 1195 2579 vecordiam
1229 2545 1261 2580 Α
1302 2542 1555 2588 (socordiam
1590 2542 1729 2587 Saxo);
1775 2541 2062 2578 verecordiam

421 2600 474 2644 V;
532 2600 825 2635 verecondiam
875 2601 927 2645 ὓς
988 2601 1285 2637 verecundiam
1333 2600 1372 2636 S.
1463 2601 1496 2636 5.
1545 2599 1741 2635 frodwini
1787 2609 1946 2645 semper
1987 2597 2063 2634 As.

422 2656 572 2692 flesvic
608 2657 653 2694 D.
690 2659 725 2692 et
755 2657 810 2692 sic
841 2668 945 2704 soepe
977 2658 1180 2701 variatur‚·
1227 2669 1300 2703 eqo
1332 2668 1490 2703 semper
1519 2668 1556 2693 w
1588 2655 1774 2692 scribam.
1851 2656 1885 2691 7.
1920 2655 2062 2701 Wiggo

421 2712 459 2747 h.
495 2714 517 2750 l.
559 2714 590 2748 V
632 2715 666 2749 el
705 2725 863 2760 semper
899 2715 975 2751 AS.
1067 2716 1101 2751 9.
1147 2719 1185 2751 et
1223 2726 1300 2751 om.
1344 2714 1418 2750 As.
1513 2715 1572 2749 11.
1618 2713 1745 2760 gessit
1790 2712 1944 2749 bellum
1986 2711 2063 2748 DS.

427 2771 486 2806 12.
519 2771 598 2806 sibi
633 2775 777 2806 mutuo
810 2772 887 2808 AS.
954 2772 1118 2809 16—18.
1153 2773 1272 2817 Quod
1307 2771 1481 2808 audiens
1515 2771 1627 2807 folko
1659 2769 1906 2807 wermundo
1939 2769 2064 2815 igitur

420 2837 515 2863 cum
549 2828 669 2863 danis
694 2829 734 2872 S,
766 2829 901 2864 ceteris
933 2829 1110 2874 omissi33
1143 2830 1233 2874 Quo
1267 2829 1461 2865 audiente
1494 2828 1663 2864 folkone
1696 2826 1942 2863 wei-mundo
1967 2836 2060 2862 cum

421 2884 588 2928 danis&
616 2887 659 2920 Α.
729 2887 786 2921 19.
819 2889 1067 2922 occurrente
1092 2887 1135 2923 Α.
1200 2887 1263 2923 20.
1296 2886 1498 2933 pugnauit
1534 2886 1577 2921 D.
1639 2885 1806 2921 21-22.
1842 2883 2062 2929 Sweuique

424 2944 516 2987 post
555 2953 583 2977 r.
617 2954 646 2978 s.
680 2954 825 2979 omnes
859 2943 882 2978 f.
915 2944 954 2979 S.
1047 2944 1212 2980 23r-24.
1256 2954 1423 2990 semper
1464 2943 1514 2978 de
1552 2953 1651 2978 nece
1694 2943 1732 2978 F.
1774 2952 1817 2977 se
1858 2941 1949 2977 iact.
1983 2940 2060 2976 As.

424 2999 486 3033 24.
529 3009 625 3044 crgo
668 3000 757 3043 DA;
803 2996 838 3049 ἃς
883 3004 1077 3046 (quoque,
1124 3012 1198 3045 pro
1243 3004 1299 3046 g0)
1338 3001 1384 3045 S3
1431 3000 1556 3046 igitur
1594 3000 1636 3034 V.
1729 3001 1975 3034 meauerunt
2020 2996 2060 3032 S.

424 3055 487 3090 25.
529 3067 635 3091 seru.
669 3057 882 3094 iniuerunt
917 3058 961 3092 D.
1040 3058 1102 3093 26.
1142 3061 1279 3093 autem
1313 3068 1390 3093 om.
1424 3057 1499 3093 As.
1578 3057 1744 3092 27-28.
1784 3066 1843 3101 pr.
1881 3055 1916 3090 ei
1950 3055 1991 3090 in
2025 3064 2060 3089 n¹

423 3112 544 3157 eique
576 3123 661 3148 occ.
697 3114 771 3149 AS.
834 3116 894 3151 28.
929 3125 972 3150 se
1004 3124 1080 3149 om.
1115 3115 1158 3150 Α.
