2150 3584
305 1348 324 1378 5

284 1711 325 1741 10

285 2073 326 2104 15

283 2436 326 2466 20

347 238 402 278 64
688 249 962 278 SCRIPTORES
996 250 1221 278 HISTORIAE
1254 249 1429 278 DANICAE
1461 248 1660 278 MINORES

1152 547 1207 605 X

784 731 1122 776 SVENONIS
1159 730 1463 776 AGGONIS
1503 731 1558 776 F.

711 841 829 881 LEX
868 840 1226 882 CASTRENSIS
1269 840 1401 881 SIVE
1441 840 1636 882 CVRIE.

1023 947 1337 984 PROOEMIVVI.

446 1016 592 1095 Cum
626 1052 770 1092 multa
807 1051 941 1092 nobis
972 1051 1264 1103 indagatione
1297 1051 1477 1092 curiosa
1520 1037 1729 1106 <reperta>
1769 1051 2000 1105 reliquerit

349 1124 597 1179 antiquitas
629 1124 833 1177 posteris,
868 1122 1048 1163 curialis
1081 1123 1308 1164 societatis
1341 1128 1381 1164 et
1414 1124 1796 1166 confederationis
1827 1124 2001 1165 studuit

350 1197 487 1237 etiam
520 1196 702 1236 utilitati
735 1196 990 1249 prouidere,
1031 1210 1086 1236 ne
1127 1207 1243 1248 uaga
1275 1196 1481 1237 libertate
1512 1197 1651 1250 potita
1684 1197 1865 1238 effrenis
1896 1210 2000 1237 con-

349 1268 549 1310 tubernii
570 1269 786 1309 iuuentus
811 1268 1018 1309 militaris
1044 1268 1217 1309 mutuis
1244 1282 1290 1308 se
1315 1268 1505 1322 impune
1523 1269 1727 1310 lacessire
1747 1270 2002 1322 potuissent

351 1341 654 1382 contumeliis.
702 1342 758 1382 Vt
790 1327 950 1396 (enim)
982 1341 1301 1394 improborum
1334 1341 1582 1382 refrenaret
1613 1342 1869 1394 audaciam,
1902 1355 2001 1382 san-

352 1414 461 1455 ciuit
493 1415 637 1466 legem
669 1414 1068 1467 promulgandam,
1105 1427 1244 1468 quam
1278 1427 1361 1454 suo
1393 1415 1681 1467 Witherlogh
1713 1415 2002 1468 nuncupauit

352 1487 591 1536 idiomate;
639 1500 778 1541 quam
818 1500 901 1527 nos
943 1486 1105 1526 Latino
1154 1499 1378 1539 sermone,
1425 1487 1528 1527 licet
1574 1486 1804 1527 uocabulo
1847 1487 2001 1528 minus

352 1559 660 1612 appropriato,
707 1560 851 1611 legem
891 1563 1168 1599 castrensem
1209 1563 1251 1599 et
1289 1559 1533 1599 militarem
1579 1560 1651 1599 uel
1694 1559 1838 1611 legem
1878 1559 2001 1600 curie

352 1645 600 1685 possumus
632 1632 874 1684 appellare.
923 1631 1075 1682 Quam
1108 1632 1293 1685 quidem
1320 1631 1539 1685 temporis
1565 1635 1788 1672 uetustate
1813 1644 2001 1685 prossus

353 1704 635 1757 antiquasset
689 1704 883 1755 obliuio,
937 1708 1093 1758 utpote
1148 1704 1262 1745 raris
1320 1705 1573 1745 admodum
1627 1708 1737 1745 tunc
1781 1705 2000 1758 temporis

352 1777 664 1829 existentibus,
712 1776 790 1830 qui
838 1776 1108 1829 priscorum,
1156 1777 1259 1817 licet
1301 1777 1562 1826 illustrium,
1611 1781 1735 1829 gesta
1781 1777 2002 1817 memorie

353 1849 744 1901 commendarent,
776 1849 865 1889 nisi
896 1848 1034 1889 totius
1065 1850 1190 1902 regni
1226 1850 1364 1890 Dacie
1388 1850 1589 1890 Absalon
1623 1849 2002 1902 metropolitanus

353 1922 541 1963 illustris
581 1925 797 1962 consueta
840 1921 1102 1962 curiositate
1143 1922 1566 1976 circumspect-aque
1605 1935 1659 1962 ac
1698 1921 1894 1975 prouida
1929 1922 2001 1962 de-

352 1995 620 2035 liberatione
667 2007 772 2035 cum
821 1994 1004 2035 nutritio
1052 2008 1158 2047 suo,
1212 2006 1313 2047 rege
1361 1994 1572 2035 uidelicet
1619 1994 1817 2047 Canuto,
1865 1993 2000 2047 primi

353 2067 615 2108 Valdemari
661 2067 776 2118 filio,
831 2067 876 2106 in
932 2067 1224 2107 matriculam
1271 2067 1619 2120 conscripsisset.
1712 2067 1830 2107 Nam
1877 2068 2000 2120 quod

353 2140 592 2180 uetustatis
624 2139 893 2193 antiquitate
925 2140 1184 2180 obsoletum
1217 2153 1314 2180 esse
1347 2140 1618 2193 plerumque
1649 2139 1920 2192 decernitur,
1954 2140 2000 2180 id

352 2212 505 2265 ipsum
560 2212 782 2265 scripture
834 2212 1058 2252 beneficio
1118 2216 1368 2265 reparatur.
1460 2212 1574 2253 Cum
1637 2211 1790 2265 itaque
1844 2216 2000 2253 nostro

353 2270 575 2339 <uu19ari>
608 2284 839 2325 succincta
872 2284 1092 2325 breuitate
1126 2284 1431 2333 conscriptam
1464 2284 1749 2338 reperissem,
1782 2297 1874 2325 non
1903 2288 2000 2324 tan-

352 2362 449 2397 tum
490 2357 676 2397 scientie
715 2357 788 2397 uel
827 2357 996 2409 ingenii
1033 2368 1271 2409 aggressus
1303 2356 1580 2397 confidentia
1612 2357 1832 2409 laborem,
1879 2369 2002 2397 uere—

354 2431 562 2470 cundans
594 2429 770 2480 diurne,
814 2443 869 2470 ne
909 2430 1045 2470 etiam
1079 2429 1266 2470 maioris
1298 2429 1504 2470 doctrine
1536 2430 1561 2480 †
1594 2429 1781 2470 scientia
1814 2429 2001 2482 preditis

353 2506 706 2555 presumptuosa
748 2502 949 2555 quadam
989 2502 1247 2554 arrogantia
1288 2502 1445 2542 uidear
1487 2501 1645 2542 fecisse
1686 2501 2000 2554 preindicium,

354 2588 515 2615 uerum
570 2574 722 2627 potius
776 2574 945 2626 ingenii
1001 2575 1249 2628 capacitate
1308 2574 1602 2614 uernantibus
1660 2574 1903 2614 iuuenibus
1960 2577 2002 2614 et

441 2753 644 2798 Pleroeque
689 2752 982 2799 adnotationes,
1031 2765 1131 2800 quas
1177 2753 1243 2789 hic
1289 2753 1329 2788 in
1361 2753 1654 2788 commentario
1697 2752 1833 2788 critico
1868 2753 2000 2798 posui,

356 2813 513 2846 tantum
554 2810 608 2845 ad
648 2811 797 2845 textum
831 2810 865 2845 X
893 2811 1118 2857 perti11ent‚·
1164 2822 1228 2855 eae,
1278 2820 1367 2856 quoe
1399 2810 1452 2845 ad
1483 2810 1511 2845 S
1543 2812 1733 2856 spectant,
1781 2809 2001 2856 separatim

351 2880 566 2925 ponentur.
634 2877 757 2913 Verba
791 2878 929 2914 litter1's
962 2879 1166 2914 inclinatis
1200 2879 1395 2925 [inpressa
1427 2881 1463 2914 et
1494 2861 1552 2930 <>
1585 2878 1740 2914 inclusa
1773 2876 1823 2913 ab
1854 2877 2002 2914 editore

356 2936 493 2971 addita
525 2938 641 2981 sunl,¹
689 2934 758 2970 ubi
786 2930 826 2985 ()
859 2935 1137 2981 includuntur,
1187 2936 1227 2971 in
1270 2936 1401 2971 codice
1443 2936 1590 2971 lacuna
1619 2935 1780 2980 siynata
1811 2932 1913 2985 fuit,·
1960 2935 2000 2970 1‘11

356 2993 528 3038 sinquIiS
568 2992 770 3028 vocabulis
809 2992 947 3028 litteroe
988 2994 1152 3028 mutatoe
1192 2993 1251 3028 vel
1282 2993 1429 3028 additae
1460 3003 1574 3038 soepe,
1623 2992 1690 3028 sed
1728 3003 1809 3027 non
1844 2991 1999 3038 ubique,

356 3050 493 3085 eadem
521 3049 783 3085 inclinatione
805 3049 1032 3094 siynantnr.
1055 3071 1096 3074 —
1124 3051 1157 3086 2.
1185 3049 1439 3096 posteritatis
1464 3050 1686 3087 societatis.
1736 3049 1844 3084 3—4.
1868 3048 2002 3095 patuit

357 3107 525 3142 eil'retus
550 3107 828 3142 contubertui.
890 3107 923 3142 4.
957 3107 1116 3142 lascire.
1180 3108 1214 3142 5.
1240 3118 1287 3142 ae
1319 3107 1499 3142 Daciam.
1564 3107 1624 3141 11.
1654 3107 1853 3141 memorie
1877 3109 1999 3152 gesta.
