2150 3584
604 223 897 253 COMPENDWM
931 224 1129 253 SAXONJS.
1179 225 1261 253 Lm.
1295 225 1386 253 xnn
1726 215 1808 253 429

165 339 368 380 Absolon
409 350 545 391 super
584 336 748 389 digitos
790 338 957 390 pedum
996 341 1121 377 stans
1153 350 1255 378 cum
1292 338 1492 391 bipenni,
1539 351 1675 391 quam
1712 351 1809 391 por-

164 412 309 463 tabat,
365 410 462 451 eius
513 413 720 450 mentum
768 410 986 462 attingere
1033 396 1170 463 <e9re>
1220 415 1381 463 posset.
1476 412 1573 451 Hoc
1619 411 1806 464 ydolum

166 495 345 538 preesse
392 482 522 523 bellis
569 481 837 532 credeban13
892 482 1022 523 cuius
1076 482 1209 522 tibias
1257 483 1415 522 famuli
1464 483 1700 523 securibus
1748 483 1809 522 in-

164 556 358 598 cidendo
403 567 508 595 cum
558 564 724 605 magno
772 566 885 594 sono
933 555 990 594 ad
1037 567 1195 595 casum
1237 555 1466 605 Vrgebant.
1541 555 1713 595 Deinde
1752 556 1807 595 ad

165 628 426 683 proximum
460 627 666 680 phanum
698 626 965 667 accedentes
990 627 1179 680 ydolum
1207 627 1469 667 Poreuituin
1498 627 1808 676 succiderunt,

165 702 252 741 hoc
299 699 462 740 habuit
507 698 710 752 quinque
756 697 918 750 capita,
966 700 1043 739 sed
1091 698 1264 739 inerme
1313 699 1406 739 fuit.
1482 699 1584 749 Quo
1633 699 1809 739 succiso

164 773 388 814 accedunt
434 772 491 811 ad
539 771 747 823 phanum
790 770 1053 824 Porenucij3
1101 771 1185 811 hec
1225 775 1372 811 statua
1414 771 1574 811 habuit
1615 775 1811 825 quatuor

165 845 303 886 facies
349 847 392 884 et
437 843 645 898 quintam
691 842 737 882 in
778 847 974 895 pectore,
1021 843 1152 883 cuius
1199 843 1392 884 frontem
1442 843 1557 893 leua,
1605 847 1809 883 mentum

165 918 321 959 dextra
353 916 554 966 tenebat;
601 927 693 969 quo
726 914 870 955 eciam
905 915 1093 967 deiecto,
1132 915 1287 956 omnia
1320 916 1456 968 ydola
1491 928 1569 968 per
1600 915 1724 955 ciues
1756 916 1810 955 de

164 990 274 1031 vrbe
316 992 422 1030 sunt
462 991 660 1029 extracta
692 990 733 1027 et
765 987 1019 1028 combusta.
1084 988 1158 1028 Sic
1198 991 1301 1040 post
1342 988 1430 1028 hoc
1461 987 1663 1027 Absolon
1704 999 1809 1027 cum

163 1062 375 1103 Jarmaro
414 1062 472 1101 ad
503 1070 655 1112 regem
688 1062 754 1100 est
785 1072 1009 1101 reuersus.
1071 1060 1273 1100 Absolon
1317 1072 1422 1100 vero
1466 1060 1723 1100 sacerdotes
1765 1059 1809 1099 in

166 1133 357 1186 Rugiam
391 1132 651 1184 destinauit,
683 1131 763 1186 qui
795 1133 1020 1184 populum
1047 1131 1336 1173 documentis
1361 1131 1467 1172 fidei
1493 1131 1811 1181 informarent,

165 1218 249 1246 nec
280 1204 588 1259 predicacioni
620 1216 781 1244 eorum
820 1204 1041 1245 miracula
1080 1204 1336 1256 defuerunt,
1383 1217 1470 1258 que
1508 1203 1661 1258 vtique
1700 1204 1813 1243 deus

164 1278 268 1319 fecit
313 1281 498 1331 propter
543 1276 650 1317 fidei
695 1276 1115 1317 confirmacionem.
1179 1276 1266 1317 Sed
1309 1281 1350 1317 et
1388 1289 1533 1329 nuper
1574 1276 1637 1316 ibi
1681 1275 1813 1315 mira-

164 1351 322 1392 culum
367 1350 455 1390 tale
501 1349 685 1399 accidit3
739 1362 847 1389 nam
896 1353 1105 1390 matrona
1153 1350 1366 1402 quedam,
1412 1362 1438 1389 a
1484 1348 1582 1388 viro
1629 1360 1712 1388 suo
1758 1348 1813 1388 de

164 1422 403 1474 adulterio,
443 1422 566 1475 quod
599 1434 693 1462 non
724 1421 904 1474 fecerat,
936 1414 1163 1474 accusata,
1207 1422 1318 1462 dum
1351 1421 1642 1475 purgacionis
1675 1433 1812 1460 causa

164 1508 357 1536 manum
389 1495 447 1535 ad
479 1494 650 1535 ferrum
683 1494 885 1534 candens
924 1494 1211 1546 extendisset,
1259 1494 1410 1534 subito
1450 1494 1635 1545 ferrum,
1682 1493 1813 1547 quasi

163 1571 336 1609 tactum
376 1567 562 1608 innoxie
600 1580 768 1607 manus
809 1566 1036 1618 effugeret,
1085 1566 1130 1606 in
1171 1566 1367 1607 sublime
1407 1579 1454 1607 se
1493 1566 1662 1617 extulit,
1709 1578 1814 1618 pen-

164 1640 367 1694 duloque
399 1643 528 1680 motu
560 1639 807 1691 gradientis
840 1639 1007 1679 femine
1040 1639 1270 1679 incessum
1305 1638 1544 1690 comitans,
1578 1650 1683 1678 cum
1711 1643 1814 1678 ante

164 1725 292 1753 aram
324 1712 591 1753 iactandum
624 1715 732 1763 erat,
779 1711 1054 1752 mirantibus
1094 1711 1312 1752 omnibus
1354 1711 1417 1751 ibi
1449 1723 1585 1764 super
1617 1711 1812 1750 humum

164 1784 353 1835 decidit;
400 1797 488 1839 que
527 1797 598 1825 res
637 1787 680 1824 et
719 1784 924 1825 mulieris
963 1783 1201 1824 infamiam
1242 1784 1414 1824 leuauit
1453 1787 1494 1823 et
1527 1783 1630 1823 fidei
1664 1783 1815 1823 firma-

165 1861 372 1898 mentum
406 1857 521 1897 fecit.
585 1857 820 1911 Multaque
861 1856 949 1897 alia
981 1857 1094 1897 deus
1126 1856 1189 1897 ibi
1222 1857 1480 1897 ostenderat
1513 1868 1594 1908 pro
1627 1868 1814 1896 conuer-

166 1929 294 1970 sione
324 1929 449 1970 illius
481 1929 637 1981 gentis.

251 2002 385 2042 XXV.
434 2002 610 2042 Eodem
639 2005 845 2055 tempore
876 2001 1109 2042 redierunt
1141 2001 1273 2053 legati
1303 2000 1421 2052 regis
1453 2001 1508 2040 de
1540 2000 1664 2040 curia
1698 2013 1814 2053 pape

166 2086 273 2115 cum
312 2073 668 2115 canonizacione
714 2074 856 2127 patris
902 2073 986 2126 sui,
1035 2073 1203 2114 Kanuti
1245 2073 1387 2113 ducis.
1451 2073 1590 2124 Igitur
1629 2072 1814 2124 gauisus

165 2159 245 2187 rex
283 2146 501 2187 omnibus
542 2147 775 2187 nobilibus
815 2146 941 2199 regni
981 2146 1194 2199 precepit,
1241 2150 1287 2186 vt
1324 2145 1369 2185 in
1410 2145 1656 2185 Natiuitate
1695 2144 1813 2184 beati

166 2219 394 2260 Johannis
427 2219 627 2272 Baptiste
659 2231 821 2259 omnes
854 2218 1171 2270 Ringstadium
1205 2217 1517 2268 conuenirent,
1555 2216 1741 2270 quando
1775 2219 1815 2256 et

167 2291 308 2344 patris
342 2304 445 2332 ossa
478 2291 608 2331 altari
640 2294 682 2331 et
713 2290 808 2331 filio
841 2303 924 2330 suo
958 2291 1137 2330 Kanuto
1171 2302 1390 2330 eoronam
1422 2289 1546 2341 regni
1579 2288 1814 2341 imponere

168 2363 381 2404 decreuit.
444 2363 620 2403 Interea
660 2362 783 2403 misit
829 2362 1022 2416 aliquos,
1069 2361 1146 2415 qui
1194 2362 1362 2415 piratas
1403 2362 1707 2411 deuastarent,
1754 2359 1815 2399 ita

258 2488 291 2524 1.
323 2487 509 2534 bypenni
541 2489 585 2524 A.
663 2488 698 2524 2.
732 2497 826 2534 egre
858 2486 1001 2523 addidi
1029 2497 1078 2523 ex
1106 2486 1286 2530 Saxone3
1316 2486 1384 2522 vix
1416 2485 1507 2521 add.
1540 2485 1584 2530 S,
1621 2496 1698 2521 om.
1731 2485 1812 2520 VA.

171 2545 206 2581 3.
251 2545 477 2581 incidendo
524 2544 685 2590 scripsi3
748 2545 993 2580 incidendas
1039 2543 1151 2579 codd.
1255 2544 1290 2579 5.
1338 2554 1420 2578 acc.
1469 2546 1510 2578 vt
1555 2542 1726 2589 ydolum
1776 2541 1814 2577 S.

169 2605 408 2648 poremtum
433 2603 478 2638 A.
555 2602 821 2638 succiderent
844 2601 920 2637 AS.
983 2601 1017 2636 7.
1051 2600 1265 2636 Porenutii
1293 2600 1419 2644 Saxo3
1452 2599 1669 2646 poremicij
1703 2598 1815 2634 codd.

171 2661 324 2695 statuta
344 2659 387 2694 V.
449 2659 485 2695 8.
507 2659 652 2705 quinta
670 2659 715 2694 V.
782 2659 1064 2694 leuamentum
1076 2655 1116 2705 (Ι)
1133 2657 1171 2693 S.
1234 2658 1268 2692 9.
1292 2657 1460 2692 dextera
1479 2656 1555 2692 AS.
1623 2655 1816 2701 tangebat

169 2716 290 2752 Saxo.
349 2716 410 2752 10.
435 2715 501 2752 Sic
526 2719 622 2762 post
644 2713 737 2764 (om.
765 2713 860 2763 hoc)
876 2715 921 2750 V.
987 2715 1047 2750 11.
1075 2725 1173 2750 vero
1192 2714 1244 2756 νς
1276 2717 1413 2749 autem
1441 2713 1516 2748 AS.
1582 2713 1746 2748 11—12.
1773 2712 1814 2747 in

171 2773 333 2819 rugiam
380 2773 619 2809 sacerdotes
667 2773 705 2809 S.
787 2772 846 2808 13.
893 2771 1260 2818 predicacionibus
1306 2771 1350 2806 A.
1435 2772 1496 2806 14.
1543 2770 1600 2805 ibi
1646 2780 1723 2805 om.
1771 2769 1814 2804 V.

176 2830 238 2866 19.
262 2830 502 2876 gradienter
518 2830 646 2865 femin
666 2830 701 2865 ei
720 2830 772 2874 A;
803 2829 1030 2875 gradientis
1055 2828 1213 2863 ferrum
1232 2828 1267 2863 ei
1287 2827 1326 2863 S.
1387 2830 1481 2862 ante
1500 2828 1554 2871 Vg
1584 2831 1720 2862 autem
1741 2826 1814 2862 AS.

174 2887 239 2922 21.
270 2897 354 2933 quo
380 2897 446 2922 res
473 2888 518 2923 A.
595 2890 635 2922 et
664 2885 772 2935 (ante
804 2883 1007 2932 mulieris)
1037 2895 1115 2920 om.
1141 2884 1179 2920 S.
1242 2885 1304 2920 22.
1340 2884 1466 2920 Multa
1496 2883 1590 2932 (om.
1616 2882 1712 2929 que)
1735 2883 1816 2918 VA.

174 2943 238 2979 24.
270 2943 456 2979 redirent
488 2943 528 2980 S.
604 2943 666 2979 26.
700 2943 741 2979 in
774 2954 851 2979 om.
883 2943 959 2978 AS.
1034 2942 1143 2977 beati
1175 2951 1252 2977 om.
1285 2941 1362 2977 AS.
1440 2941 1504 2977 27.
1540 2940 1739 2986 ringstads
1767 2940 1816 2981 ὃς

175 3000 346 3036 rinstad'
380 3001 433 3046 V;
479 3001 697 3047 ringstadh
729 3000 772 3036 A.
849 3000 912 3036 29.
945 3002 1114 3046 pyratas
1146 2999 1191 3042 A,
1233 2998 1324 3034 item
1357 2998 1555 3045 pyratica,
1588 3000 1631 3033 ut
1659 2997 1816 3042 soepius.

1840 995 1878 1025 10

1840 1355 1881 1385 15

1840 1716 1881 1747 20

1840 2077 1882 2108 25
