2150 3584
471 204 690 233 SVENONIS
722 204 912 232 AGGONJS
947 205 1048 232 FlLll
1084 205 1165 232 LEx
1199 205 1465 233 CASTRENSIS
1731 195 1783 233 79

929 316 984 384 ,S

153 424 580 478 Witherloqhmanne
625 437 752 465 reum
802 436 897 464 esse
940 424 1136 463 duorum
1180 425 1546 465 commilitonum
1595 438 1782 465 suorum

145 497 426 539 attestatione
467 497 659 549 probare
700 496 873 549 poterit,
920 497 1034 536 adeo
1082 500 1129 535 ut
1176 500 1307 536 testes
1355 497 1609 537 iuramento
1651 511 1785 550 super

146 573 428 611 sacramenta
463 569 579 609 facto
612 568 923 609 testimonium
952 581 1085 608 suum
1113 568 1385 608 contii-mare
1413 582 1502 609 non
1527 569 1785 619 detrectent,

146 642 369 684 sancitum
415 645 493 693 est,
541 654 666 681 reum
711 654 802 681 uno
843 641 1030 680 homine
1070 640 1263 680 exterius
1307 641 1351 679 in
1396 641 1527 680 solito
1569 643 1785 682 cenaculo

103 723 121 753 5
147 714 392 755 locandum
439 713 688 753 considere.
759 713 964 754 Generali
1006 713 1139 752 etiam
1181 712 1503 752 constitutione
1547 714 1784 753 delinitum

147 790 224 833 est,
272 789 320 826 ut
365 785 516 826 omnis
563 785 873 825 controuersia
922 785 1036 825 inter
1083 784 1206 837 ipsos
1254 784 1590 825 commilitones
1635 790 1785 826 exorta

148 871 375 911 nusquam
415 857 502 897 nisi
545 857 589 896 in
633 857 862 911 colloquio
896 858 985 897 iam
1021 857 1258 897 nominato
1291 856 1535 908 agitaretur
1567 862 1643 897 aut
1675 859 1790 898 deci-

148 931 339 971 deretur.

857 1063 980 1104 CAP.
1015 1063 1088 1104 IX.

508 1151 588 1190 DE
622 1150 923 1191 GENERALI
958 1150 1434 1192 CONTROVERSIA.

244 1219 606 1299 Constitutione
638 1256 773 1297 etiam
807 1256 1004 1308 generali
1044 1260 1229 1296 cautum
1272 1261 1351 1308 est,
1398 1260 1447 1296 ut
1489 1256 1639 1297 omnis
1677 1257 1792 1297 inter

84 1336 124 1367 10
151 1327 485 1373 commilitones
518 1333 615 1369 orta
648 1328 959 1369 controuersia
992 1329 1046 1368 de
1079 1328 1246 1379 fundis,
1280 1328 1448 1382 prediis
1481 1332 1523 1369 et
1554 1329 1686 1381 agris,
1720 1330 1791 1369 uel

150 1400 284 1441 etiam
316 1401 371 1441 de
404 1401 657 1441 mansionis
689 1401 1026 1453 depredatione,
1073 1414 1160 1454 que
1201 1405 1356 1442 nostro
1396 1401 1612 1442 idiomate
1644 1402 1791 1441 Boram

150 1472 327 1526 dicitur,
374 1472 421 1513 in
462 1473 555 1513 iam
594 1473 714 1514 dicto
748 1473 977 1527 colloquio
1009 1473 1264 1525 agitaretur.
1326 1474 1443 1513 Tum
1479 1486 1588 1514 uero
1620 1473 1672 1524 is,
1720 1474 1789 1514 cui

151 1545 518 1585 commilitonum
561 1545 783 1585 iudicium
815 1545 886 1585 ius
919 1545 1197 1586 uenditionis
1230 1546 1525 1598 adiudicabit,
1572 1558 1676 1586 cum
1717 1559 1793 1586 sex

151 1617 319 1657 sortitis
351 1617 397 1657 in
431 1631 513 1658 suo
547 1622 661 1670 cetu,
694 1618 738 1658 id
766 1622 832 1657 est
857 1617 1099 1670 Fjarlliingy,
1133 1618 1342 1659 territorii
1376 1619 1445 1659 sui
1480 1619 1792 1658 continuatam

88 1699 127 1729 15
153 1690 489 1742 possessionem
546 1690 631 1730 sibi
678 1691 922 1730 uendicare
969 1690 1121 1742 debet,
1179 1691 1648 1745 prescriptionemque
1701 1692 1793 1743 lege

152 1762 379 1814 assignata
441 1762 652 1804 tuebitur.
753 1762 951 1802 Minores
1020 1776 1129 1803 uero
1198 1763 1534 1803 controuersias
1595 1764 1790 1803 duorum

152 1834 520 1875 commilitonum
566 1834 830 1874 testimonio
878 1835 1048 1887 placuit
1092 1835 1351 1883 terminare,
1403 1836 1540 1876 ueteri
1585 1835 1794 1876 uidelicet

153 1906 475 1947 constitutione
517 1907 846 1959 proximorum,
895 1920 986 1947 uno
1027 1907 1228 1947 interiori
1262 1911 1303 1946 et
1333 1908 1473 1947 altero
1507 1908 1715 1948 exteriori
1748 1908 1791 1947 in

153 1979 370 2019 cenaculo
411 1991 487 2019 reo
521 1979 748 2020 assidente
825 1979 948 2019 Licet
987 1979 1194 2019 moderni
1232 1979 1424 2030 rigorem
1474 1980 1517 2019 in
1567 1980 1793 2033 plerisque

87 2060 128 2090 20
154 2050 400 2091 decernant
454 2052 804 2104 temperandum
859 2052 1198 2104 terminumque
1251 2064 1386 2091 cause
1446 2052 1794 2104 imponendum,

155 2122 288 2162 etiam
336 2123 382 2163 in
429 2124 651 2176 presentis
697 2124 875 2164 articuli
923 2124 1120 2175 negotio,
1184 2124 1220 2163 si
1276 2124 1378 2178 quis
1426 2125 1564 2164 modo
1611 2124 1793 2164 duobus

155 2195 547 2236 commilitonibus
581 2197 886 2249 undecunque
918 2196 1152 2249 acquisitis
1185 2208 1230 2236 se
1262 2196 1376 2236 tueri
1409 2196 1582 2249 poterit.

873 2390 995 2431 CAP.
1029 2391 1080 2430 X.

516 2478 594 2517 DE
629 2478 814 2517 PRIMA
850 2478 1020 2518 LEGIS
1054 2478 1441 2518 VIOLATIONE.

250 2548 468 2625 Modico
509 2584 804 2637 postmodum
844 2583 1064 2637 temporis
1103 2596 1318 2637 processu
1361 2588 1463 2637 post
1493 2585 1601 2637 legis
1634 2585 1795 2625 consti-

158 2654 378 2695 tutionem
426 2656 617 2695 humani
666 2656 901 2708 sanguinis
946 2655 1197 2707 insidiator,
1245 2657 1554 2710 prosperitatis
1602 2658 1794 2708 emulus,

93 2737 134 2768 25
159 2725 324 2767 iustitie
360 2731 402 2767 et
441 2727 651 2780 equitatis
690 2741 795 2768 osor
839 2741 893 2768 ac
932 2732 1233 2782 persequutor
1273 2728 1536 2779 acerrimus,
1584 2733 1794 2769 uersutus

159 2797 232 2838 ille
286 2799 673 2852 protoplastorum
727 2801 938 2840 seductor
985 2800 1194 2851 Satanas,
1252 2800 1517 2854 principalis
1563 2801 1794 2853 dignitatis

160 2880 395 2922 aggressus
447 2871 759 2911 excellentiam
810 2872 919 2924 legis
965 2872 1375 2925 preuaricationem
1422 2873 1512 2924 regi
1559 2873 1794 2913 attentauit

162 2943 445 2994 persuadere,
492 2947 552 2994 ut,
599 2943 745 2996 capite
784 2956 962 2984 ueneno
1003 2943 1182 2995 infecto,
1228 2944 1386 2985 ceteris
1419 2945 1636 2984 membris
1668 2944 1795 2984 uirus

163 3057 370 3149 glandam.
461 3060 524 3095 22.
562 3063 727 3106 tempus
763 3062 858 3106 (pro
896 3059 1066 3108 tempis).
1158 3061 1222 3097 23.
1261 3061 1340 3096 nisi
1373 3061 1510 3097 diator
1542 3061 1795 3107 prospitatis.

194 3115 228 3150 6.
259 3115 388 3152 iurus.
