<?xml version="1.0" encoding="UTF-8"?>
<!DOCTYPE html PUBLIC "-//W3C//DTD XHTML 1.0 Transitional//EN"
    "http://www.w3.org/TR/xhtml1/DTD/xhtml1-transitional.dtd">
<html xmlns="http://www.w3.org/1999/xhtml" xml:lang="en" lang="en">
 <head>
  <title>
</title>
<meta http-equiv="Content-Type" content="text/html;charset=utf-8" />
  <meta name='ocr-system' content='tesseract 3.04.00' />
  <meta name='ocr-capabilities' content='ocr_page ocr_carea ocr_par ocr_line ocrx_word'/>
</head>
<body>
  <div class='ocr_page' id='page_1' title='image "./scriptoresminore112gert_0361.png"; bbox 0 0 2150 3584; ppageno 0'>
   <div class='ocr_carea' id='block_1_1' title="bbox 570 192 1754 230">
    <p class='ocr_par' dir='ltr' id='par_1_1' title="bbox 570 192 1754 230">
     <span class='ocr_line' id='line_1_1' title="bbox 570 192 1754 230; baseline 0.003 -3"><span class='ocrx_word' id='word_1_1' title='bbox 570 197 864 227; x_wconf 78' lang='lat' dir='ltr'>COMPENDIVM</span> <span class='ocrx_word' id='word_1_2' title='bbox 898 198 1096 228; x_wconf 75' lang='lat' dir='ltr'>SAxoms.</span> <span class='ocrx_word' id='word_1_3' title='bbox 1147 200 1228 228; x_wconf 70' lang='grc' dir='ltr'>ΜΒ.</span> <span class='ocrx_word' id='word_1_4' title='bbox 1264 200 1305 228; x_wconf 81' lang='lat' dir='ltr'>ix</span> <span class='ocrx_word' id='word_1_5' title='bbox 1672 192 1754 230; x_wconf 81' lang='grc'>343</span> 
     </span>
    </p>
   </div>
   <div class='ocr_carea' id='block_1_2' title="bbox 99 311 1821 2318">
    <p class='ocr_par' dir='ltr' id='par_1_2' title="bbox 101 311 1821 1161">
     <span class='ocr_line' id='line_1_2' title="bbox 107 311 1753 368; baseline 0.003 -17"><span class='ocrx_word' id='word_1_6' title='bbox 107 324 260 352; x_wconf 89' lang='lat' dir='ltr'>secum</span> <span class='ocrx_word' id='word_1_7' title='bbox 303 311 421 352; x_wconf 79' lang='lat' dir='ltr'>filios</span> <span class='ocrx_word' id='word_1_8' title='bbox 455 313 705 365; x_wconf 90' lang='lat' dir='ltr'>Byornum,</span> <span class='ocrx_word' id='word_1_9' title='bbox 755 312 1022 352; x_wconf 89' lang='lat' dir='ltr'>Fridleuum</span> <span class='ocrx_word' id='word_1_10' title='bbox 1063 317 1105 353; x_wconf 88' lang='lat' dir='ltr'>et</span> <span class='ocrx_word' id='word_1_11' title='bbox 1139 314 1457 363; x_wconf 77' lang='lat' dir='ltr'>Rathbertun13</span> <span class='ocrx_word' id='word_1_12' title='bbox 1505 329 1610 355; x_wconf 86' lang='lat' dir='ltr'>nam</span> <span class='ocrx_word' id='word_1_13' title='bbox 1649 317 1753 368; x_wconf 80' lang='lat' dir='ltr'>Reg-</span> 
     </span>
     <span class='ocr_line' id='line_1_3' title="bbox 106 384 1754 440; baseline 0.002 -16"><span class='ocrx_word' id='word_1_14' title='bbox 106 385 294 434; x_wconf 91' lang='lat' dir='ltr'>waldus,</span> <span class='ocrx_word' id='word_1_15' title='bbox 334 384 621 426; x_wconf 89' lang='lat' dir='ltr'>Withsercus</span> <span class='ocrx_word' id='word_1_16' title='bbox 653 388 695 425; x_wconf 89' lang='lat' dir='ltr'>et</span> <span class='ocrx_word' id='word_1_17' title='bbox 728 384 903 436; x_wconf 86' lang='lat' dir='ltr'>Ericus‚</span> <span class='ocrx_word' id='word_1_18' title='bbox 950 397 1066 438; x_wconf 87' lang='lat' dir='ltr'>quos</span> <span class='ocrx_word' id='word_1_19' title='bbox 1099 398 1151 426; x_wconf 91' lang='lat' dir='ltr'>ex</span> <span class='ocrx_word' id='word_1_20' title='bbox 1185 386 1446 439; x_wconf 84' lang='lat' dir='ltr'>Suanlonga</span> <span class='ocrx_word' id='word_1_21' title='bbox 1480 393 1754 440; x_wconf 80' lang='lat' dir='ltr'>susceperat,</span> 
     </span>
     <span class='ocr_line' id='line_1_4' title="bbox 106 457 1755 510; baseline 0.002 -14"><span class='ocrx_word' id='word_1_22' title='bbox 106 457 313 497; x_wconf 86' lang='lat' dir='ltr'>nondum</span> <span class='ocrx_word' id='word_1_23' title='bbox 347 461 474 497; x_wconf 89' lang='lat' dir='ltr'>erant</span> <span class='ocrx_word' id='word_1_24' title='bbox 505 457 646 497; x_wconf 90' lang='lat' dir='ltr'>armis</span> <span class='ocrx_word' id='word_1_25' title='bbox 679 457 786 510; x_wconf 90' lang='lat' dir='ltr'>apti.</span> <span class='ocrx_word' id='word_1_26' title='bbox 836 457 886 496; x_wconf 89' lang='lat' dir='ltr'>ln</span> <span class='ocrx_word' id='word_1_27' title='bbox 907 457 1127 497; x_wconf 88' lang='lat' dir='ltr'>Sweciam</span> <span class='ocrx_word' id='word_1_28' title='bbox 1162 458 1296 510; x_wconf 83' lang='lat' dir='ltr'>igitur</span> <span class='ocrx_word' id='word_1_29' title='bbox 1329 459 1524 499; x_wconf 81' lang='lat' dir='ltr'>venienti</span> <span class='ocrx_word' id='word_1_30' title='bbox 1559 461 1755 501; x_wconf 80' lang='lat' dir='ltr'>occurrit</span> 
     </span>
     <span class='ocr_line' id='line_1_5' title="bbox 104 529 1752 582; baseline 0.002 -13"><span class='ocrx_word' id='word_1_31' title='bbox 104 529 259 570; x_wconf 91' lang='lat' dir='ltr'>Sorlus</span> <span class='ocrx_word' id='word_1_32' title='bbox 284 541 389 569; x_wconf 90' lang='lat' dir='ltr'>cum</span> <span class='ocrx_word' id='word_1_33' title='bbox 416 529 630 581; x_wconf 90' lang='lat' dir='ltr'>exercitu,</span> <span class='ocrx_word' id='word_1_34' title='bbox 654 529 850 569; x_wconf 84' lang='lat' dir='ltr'>offerens</span> <span class='ocrx_word' id='word_1_35' title='bbox 875 541 1122 570; x_wconf 88' lang='lat' dir='ltr'>commune</span> <span class='ocrx_word' id='word_1_36' title='bbox 1149 531 1216 571; x_wconf 83' lang='lat' dir='ltr'>vel</span> <span class='ocrx_word' id='word_1_37' title='bbox 1242 531 1471 582; x_wconf 80' lang='lat' dir='ltr'>singulare</span> <span class='ocrx_word' id='word_1_38' title='bbox 1503 537 1752 581; x_wconf 69' lang='lat' dir='ltr'>certamem</span> 
     </span>
     <span class='ocr_line' id='line_1_6' title="bbox 103 601 1798 655; baseline 0.002 -14"><span class='ocrx_word' id='word_1_39' title='bbox 103 613 301 655; x_wconf 91' lang='lat' dir='ltr'>cumque</span> <span class='ocrx_word' id='word_1_40' title='bbox 349 602 580 653; x_wconf 87' lang='lat' dir='ltr'>Regnerus</span> <span class='ocrx_word' id='word_1_41' title='bbox 627 602 854 653; x_wconf 86' lang='lat' dir='ltr'>singulare</span> <span class='ocrx_word' id='word_1_42' title='bbox 901 601 1118 653; x_wconf 79' lang='lat' dir='ltr'><strong>elegisset,</strong></span> <span class='ocrx_word' id='word_1_43' title='bbox 1166 615 1271 642; x_wconf 90' lang='lat' dir='ltr'>cum</span> <span class='ocrx_word' id='word_1_44' title='bbox 1320 604 1464 643; x_wconf 84' lang='lat' dir='ltr'>tribus</span> <span class='ocrx_word' id='word_1_45' title='bbox 1513 604 1617 644; x_wconf 79' lang='lat' dir='ltr'>filiis</span> <span class='ocrx_word' id='word_1_46' title='bbox 1660 605 1798 645; x_wconf 80' lang='lat' dir='ltr'>suis5</span> 
     </span>
     <span class='ocr_line' id='line_1_7' title="bbox 103 673 1751 727; baseline 0.002 -14"><span class='ocrx_word' id='word_1_47' title='bbox 103 673 289 714; x_wconf 88' lang='lat' dir='ltr'>intrauit</span> <span class='ocrx_word' id='word_1_48' title='bbox 330 677 559 714; x_wconf 87' lang='lat' dir='ltr'>certamen</span> <span class='ocrx_word' id='word_1_49' title='bbox 601 678 759 715; x_wconf 86' lang='lat' dir='ltr'>contra</span> <span class='ocrx_word' id='word_1_50' title='bbox 793 674 1007 714; x_wconf 87' lang='lat' dir='ltr'>Starkum</span> <span class='ocrx_word' id='word_1_51' title='bbox 1050 675 1264 727; x_wconf 85' lang='lat' dir='ltr'><strong>pugilem,</strong></span> <span class='ocrx_word' id='word_1_52' title='bbox 1312 676 1556 716; x_wconf 80' lang='lat' dir='ltr'><strong>habentem</strong></span> <span class='ocrx_word' id='word_1_53' title='bbox 1597 690 1751 717; x_wconf 89' lang='lat' dir='ltr'>secum</span> 
     </span>
     <span class='ocr_line' id='line_1_8' title="bbox 103 745 1752 801; baseline 0.002 -15"><span class='ocrx_word' id='word_1_54' title='bbox 103 758 190 787; x_wconf 84' lang='lat' dir='ltr'>.vn.</span> <span class='ocrx_word' id='word_1_55' title='bbox 239 745 358 786; x_wconf 89' lang='lat' dir='ltr'>filios</span> <span class='ocrx_word' id='word_1_56' title='bbox 406 759 534 799; x_wconf 90' lang='lat' dir='ltr'>suos,</span> <span class='ocrx_word' id='word_1_57' title='bbox 581 751 716 801; x_wconf 89' lang='lat' dir='ltr'>atque</span> <span class='ocrx_word' id='word_1_58' title='bbox 763 746 1000 787; x_wconf 84' lang='lat' dir='ltr'>victoriam</span> <span class='ocrx_word' id='word_1_59' title='bbox 1051 747 1269 800; x_wconf 77' lang='lat' dir='ltr'>optinuit,</span> <span class='ocrx_word' id='word_1_60' title='bbox 1320 751 1508 801; x_wconf 84' lang='lat' dir='ltr'>vtroque</span> <span class='ocrx_word' id='word_1_61' title='bbox 1556 750 1752 790; x_wconf 87' lang='lat' dir='ltr'>exercitu</span> 
     </span>
     <span class='ocr_line' id='line_1_9' title="bbox 103 817 1754 874; baseline 0.002 -16"><span class='ocrx_word' id='word_1_62' title='bbox 103 817 396 871; x_wconf 81' lang='lat' dir='ltr'>inspectante.</span> <span class='ocrx_word' id='word_1_63' title='bbox 461 818 579 869; x_wconf 86' lang='lat' dir='ltr'>Quia</span> <span class='ocrx_word' id='word_1_64' title='bbox 622 831 727 860; x_wconf 87' lang='lat' dir='ltr'>vero</span> <span class='ocrx_word' id='word_1_65' title='bbox 769 819 921 871; x_wconf 92' lang='lat' dir='ltr'>Byorn</span> <span class='ocrx_word' id='word_1_66' title='bbox 963 818 1120 859; x_wconf 90' lang='lat' dir='ltr'>illesus</span> <span class='ocrx_word' id='word_1_67' title='bbox 1160 819 1205 859; x_wconf 92' lang='lat' dir='ltr'>in</span> <span class='ocrx_word' id='word_1_68' title='bbox 1254 820 1331 860; x_wconf 94' lang='lat' dir='ltr'>illo</span> <span class='ocrx_word' id='word_1_69' title='bbox 1372 821 1619 862; x_wconf 80' lang='lat' dir='ltr'>certamine</span> <span class='ocrx_word' id='word_1_70' title='bbox 1659 835 1754 874; x_wconf 80' lang='lat' dir='ltr'>per—</span> 
     </span>
     <span class='ocr_line' id='line_1_10' title="bbox 103 890 1751 944; baseline 0.002 -14"><span class='ocrx_word' id='word_1_71' title='bbox 103 890 284 942; x_wconf 82' lang='lat' dir='ltr'>mansit,</span> <span class='ocrx_word' id='word_1_72' title='bbox 331 894 551 944; x_wconf 86' lang='lat' dir='ltr'>tanquam</span> <span class='ocrx_word' id='word_1_73' title='bbox 592 890 944 931; x_wconf 87' lang='lat' dir='ltr'>inuulnerabilis</span> <span class='ocrx_word' id='word_1_74' title='bbox 985 891 1137 944; x_wconf 89' lang='lat' dir='ltr'>Byorn</span> <span class='ocrx_word' id='word_1_75' title='bbox 1170 892 1405 933; x_wconf 89' lang='lat' dir='ltr'>Jaernsiith</span> <span class='ocrx_word' id='word_1_76' title='bbox 1448 897 1513 933; x_wconf 88' lang='lat' dir='ltr'>est</span> <span class='ocrx_word' id='word_1_77' title='bbox 1551 898 1751 933; x_wconf 83' lang='lat' dir='ltr'>vocatus.</span> 
     </span>
     <span class='ocr_line' id='line_1_11' title="bbox 104 962 1821 1018; baseline 0.002 -16"><span class='ocrx_word' id='word_1_78' title='bbox 104 962 270 1010; x_wconf 85' lang='lat' dir='ltr'>Habita</span> <span class='ocrx_word' id='word_1_79' title='bbox 301 962 438 1014; x_wconf 81' lang='lat' dir='ltr'>igitur</span> <span class='ocrx_word' id='word_1_80' title='bbox 469 976 606 1016; x_wconf 90' lang='lat' dir='ltr'>super</span> <span class='ocrx_word' id='word_1_81' title='bbox 638 963 748 1003; x_wconf 92' lang='lat' dir='ltr'>istos</span> <span class='ocrx_word' id='word_1_82' title='bbox 780 963 970 1004; x_wconf 89' lang='lat' dir='ltr'>victoria</span> <span class='ocrx_word' id='word_1_83' title='bbox 1006 964 1236 1015; x_wconf 86' lang='lat' dir='ltr'>Regnerus</span> <span class='ocrx_word' id='word_1_84' title='bbox 1271 965 1537 1018; x_wconf 68' lang='lat' dir='ltr'>aygrediens</span> <span class='ocrx_word' id='word_1_85' title='bbox 1571 966 1750 1006; x_wconf 88' lang='lat' dir='ltr'>Sorlum</span> <span class='ocrx_word' id='word_1_86' title='bbox 1782 974 1821 1005; x_wconf 86' lang='grc' dir='ltr'>ιο</span> 
     </span>
     <span class='ocr_line' id='line_1_12' title="bbox 101 1034 1752 1090; baseline 0.002 -16"><span class='ocrx_word' id='word_1_87' title='bbox 101 1047 206 1075; x_wconf 90' lang='lat' dir='ltr'>cum</span> <span class='ocrx_word' id='word_1_88' title='bbox 254 1034 485 1087; x_wconf 85' lang='lat' dir='ltr'>omnihus,</span> <span class='ocrx_word' id='word_1_89' title='bbox 532 1048 648 1089; x_wconf 92' lang='lat' dir='ltr'>quos</span> <span class='ocrx_word' id='word_1_90' title='bbox 696 1048 852 1076; x_wconf 90' lang='lat' dir='ltr'>secum</span> <span class='ocrx_word' id='word_1_91' title='bbox 901 1035 1075 1087; x_wconf 88' lang='lat' dir='ltr'>habuit,</span> <span class='ocrx_word' id='word_1_92' title='bbox 1123 1036 1360 1088; x_wconf 75' lang='lat' dir='ltr'>interfecit,</span> <span class='ocrx_word' id='word_1_93' title='bbox 1407 1050 1460 1077; x_wconf 91' lang='lat' dir='ltr'>ac</span> <span class='ocrx_word' id='word_1_94' title='bbox 1501 1038 1651 1090; x_wconf 89' lang='lat' dir='ltr'>Byorn</span> <span class='ocrx_word' id='word_1_95' title='bbox 1693 1038 1752 1078; x_wconf 89' lang='lat' dir='ltr'>ob</span> 
     </span>
     <span class='ocr_line' id='line_1_13' title="bbox 101 1107 1096 1161; baseline 0.001 -14"><span class='ocrx_word' id='word_1_96' title='bbox 101 1107 316 1148; x_wconf 87' lang='lat' dir='ltr'>eximiam</span> <span class='ocrx_word' id='word_1_97' title='bbox 350 1107 661 1148; x_wconf 88' lang='lat' dir='ltr'>fortitudinem</span> <span class='ocrx_word' id='word_1_98' title='bbox 698 1108 866 1149; x_wconf 88' lang='lat' dir='ltr'>Swecie</span> <span class='ocrx_word' id='word_1_99' title='bbox 899 1107 1096 1161; x_wconf 84' lang='lat' dir='ltr'>prefecit.</span> 
     </span>
    </p>

    <p class='ocr_par' dir='ltr' id='par_1_3' title="bbox 99 1179 1820 2318">
     <span class='ocr_line' id='line_1_14' title="bbox 186 1179 1752 1235; baseline 0.001 -14"><span class='ocrx_word' id='word_1_100' title='bbox 186 1180 236 1221; x_wconf 91' lang='lat' dir='ltr'>V.</span> <span class='ocrx_word' id='word_1_101' title='bbox 314 1180 436 1220; x_wconf 90' lang='lat' dir='ltr'>Dum</span> <span class='ocrx_word' id='word_1_102' title='bbox 488 1179 623 1232; x_wconf 85' lang='lat' dir='ltr'>igitur</span> <span class='ocrx_word' id='word_1_103' title='bbox 669 1180 1008 1234; x_wconf 88' lang='lat' dir='ltr'>aliquantulum</span> <span class='ocrx_word' id='word_1_104' title='bbox 1057 1181 1309 1233; x_wconf 89' lang='lat' dir='ltr'>quiesceret</span> <span class='ocrx_word' id='word_1_105' title='bbox 1355 1195 1378 1222; x_wconf 90' lang='lat' dir='ltr'>a</span> <span class='ocrx_word' id='word_1_106' title='bbox 1428 1182 1579 1230; x_wconf 78' lang='lat' dir='ltr'>bellis,</span> <span class='ocrx_word' id='word_1_107' title='bbox 1634 1182 1752 1235; x_wconf 88' lang='lat' dir='ltr'>cepit</span> 
     </span>
     <span class='ocr_line' id='line_1_15' title="bbox 100 1252 1752 1307; baseline 0.001 -15"><span class='ocrx_word' id='word_1_108' title='bbox 100 1252 335 1306; x_wconf 89' lang='lat' dir='ltr'>quandam</span> <span class='ocrx_word' id='word_1_109' title='bbox 367 1252 686 1293; x_wconf 85' lang='lat' dir='ltr'>mulierculam</span> <span class='ocrx_word' id='word_1_110' title='bbox 720 1253 950 1305; x_wconf 89' lang='lat' dir='ltr'>adamare,</span> <span class='ocrx_word' id='word_1_111' title='bbox 995 1256 1049 1303; x_wconf 90' lang='lat' dir='ltr'>et,</span> <span class='ocrx_word' id='word_1_112' title='bbox 1096 1257 1141 1294; x_wconf 82' lang='lat' dir='ltr'>vt</span> <span class='ocrx_word' id='word_1_113' title='bbox 1180 1254 1322 1294; x_wconf 85' lang='lat' dir='ltr'>cicius</span> <span class='ocrx_word' id='word_1_114' title='bbox 1355 1254 1578 1307; x_wconf 88' lang='lat' dir='ltr'>optineret</span> <span class='ocrx_word' id='word_1_115' title='bbox 1611 1255 1752 1295; x_wconf 88' lang='lat' dir='ltr'>inten-</span> 
     </span>
     <span class='ocr_line' id='line_1_16' title="bbox 100 1324 1820 1378; baseline 0.002 -15"><span class='ocrx_word' id='word_1_116' title='bbox 100 1328 213 1376; x_wconf 86' lang='lat' dir='ltr'>tum,</span> <span class='ocrx_word' id='word_1_117' title='bbox 245 1324 515 1365; x_wconf 88' lang='lat' dir='ltr'>inconsueto</span> <span class='ocrx_word' id='word_1_118' title='bbox 549 1326 688 1366; x_wconf 91' lang='lat' dir='ltr'>modo</span> <span class='ocrx_word' id='word_1_119' title='bbox 721 1329 895 1378; x_wconf 88' lang='lat' dir='ltr'>patrem</span> <span class='ocrx_word' id='word_1_120' title='bbox 930 1325 1027 1365; x_wconf 89' lang='lat' dir='ltr'>eius</span> <span class='ocrx_word' id='word_1_121' title='bbox 1060 1326 1338 1376; x_wconf 79' lang='lat' dir='ltr'>honorabat3</span> <span class='ocrx_word' id='word_1_122' title='bbox 1373 1339 1480 1367; x_wconf 89' lang='lat' dir='ltr'>nam</span> <span class='ocrx_word' id='word_1_123' title='bbox 1505 1339 1609 1367; x_wconf 89' lang='lat' dir='ltr'>cum</span> <span class='ocrx_word' id='word_1_124' title='bbox 1637 1331 1751 1367; x_wconf 90' lang='lat' dir='ltr'>esset</span> <span class='ocrx_word' id='word_1_125' title='bbox 1780 1335 1820 1366; x_wconf 88' lang='lat'>15</span> 
     </span>
     <span class='ocr_line' id='line_1_17' title="bbox 101 1396 1753 1452; baseline 0.002 -16"><span class='ocrx_word' id='word_1_126' title='bbox 101 1396 320 1449; x_wconf 84' lang='lat' dir='ltr'>plebeiuS,</span> <span class='ocrx_word' id='word_1_127' title='bbox 367 1409 444 1437; x_wconf 89' lang='lat' dir='ltr'>rex</span> <span class='ocrx_word' id='word_1_128' title='bbox 484 1400 638 1438; x_wconf 88' lang='lat' dir='ltr'>tamen</span> <span class='ocrx_word' id='word_1_129' title='bbox 681 1411 786 1438; x_wconf 92' lang='lat' dir='ltr'>eum</span> <span class='ocrx_word' id='word_1_130' title='bbox 829 1397 1088 1450; x_wconf 90' lang='lat' dir='ltr'>frequenter</span> <span class='ocrx_word' id='word_1_131' title='bbox 1125 1399 1182 1438; x_wconf 89' lang='lat' dir='ltr'>ad</span> <span class='ocrx_word' id='word_1_132' title='bbox 1223 1399 1382 1452; x_wconf 89' lang='lat' dir='ltr'>epulas</span> <span class='ocrx_word' id='word_1_133' title='bbox 1413 1399 1652 1452; x_wconf 87' lang='lat' dir='ltr'>inuitabat,</span> <span class='ocrx_word' id='word_1_134' title='bbox 1699 1412 1753 1440; x_wconf 89' lang='lat' dir='ltr'>ac</span> 
     </span>
     <span class='ocr_line' id='line_1_18' title="bbox 101 1468 1752 1525; baseline 0.002 -17"><span class='ocrx_word' id='word_1_135' title='bbox 101 1468 364 1522; x_wconf 87' lang='lat' dir='ltr'>proximum</span> <span class='ocrx_word' id='word_1_136' title='bbox 397 1469 484 1510; x_wconf 89' lang='lat' dir='ltr'>sibi</span> <span class='ocrx_word' id='word_1_137' title='bbox 515 1470 713 1511; x_wconf 88' lang='lat' dir='ltr'>residere</span> <span class='ocrx_word' id='word_1_138' title='bbox 745 1469 862 1521; x_wconf 87' lang='lat' dir='ltr'>fecit,</span> <span class='ocrx_word' id='word_1_139' title='bbox 895 1470 934 1510; x_wconf 92' lang='lat' dir='ltr'>ei</span> <span class='ocrx_word' id='word_1_140' title='bbox 967 1470 1226 1525; x_wconf 89' lang='lat' dir='ltr'>frequenter</span> <span class='ocrx_word' id='word_1_141' title='bbox 1258 1472 1505 1512; x_wconf 84' lang='lat' dir='ltr'>assurrexit</span> <span class='ocrx_word' id='word_1_142' title='bbox 1536 1484 1590 1512; x_wconf 87' lang='lat' dir='ltr'>ac</span> <span class='ocrx_word' id='word_1_143' title='bbox 1618 1472 1752 1513; x_wconf 90' lang='lat' dir='ltr'>donis</span> 
     </span>
     <span class='ocr_line' id='line_1_19' title="bbox 101 1541 1751 1595; baseline 0.002 -14"><span class='ocrx_word' id='word_1_144' title='bbox 101 1541 370 1582; x_wconf 89' lang='lat' dir='ltr'>honorabat.</span> <span class='ocrx_word' id='word_1_145' title='bbox 432 1542 678 1583; x_wconf 89' lang='lat' dir='ltr'>Admirans</span> <span class='ocrx_word' id='word_1_146' title='bbox 719 1543 806 1595; x_wconf 87' lang='lat' dir='ltr'>ille,</span> <span class='ocrx_word' id='word_1_147' title='bbox 853 1554 934 1583; x_wconf 91' lang='lat' dir='ltr'>cur</span> <span class='ocrx_word' id='word_1_148' title='bbox 973 1555 1050 1583; x_wconf 89' lang='lat' dir='ltr'>rex</span> <span class='ocrx_word' id='word_1_149' title='bbox 1090 1543 1176 1583; x_wconf 90' lang='lat' dir='ltr'>sibi</span> <span class='ocrx_word' id='word_1_150' title='bbox 1217 1547 1310 1584; x_wconf 86' lang='lat' dir='ltr'>tam</span> <span class='ocrx_word' id='word_1_151' title='bbox 1355 1544 1575 1584; x_wconf 90' lang='lat' dir='ltr'>honestus</span> <span class='ocrx_word' id='word_1_152' title='bbox 1622 1548 1751 1595; x_wconf 77' lang='lat' dir='ltr'>esset,</span> 
     </span>
     <span class='ocr_line' id='line_1_20' title="bbox 100 1613 1749 1669; baseline 0.002 -16"><span class='ocrx_word' id='word_1_153' title='bbox 100 1613 297 1666; x_wconf 83' lang='lat' dir='ltr'>cogitare</span> <span class='ocrx_word' id='word_1_154' title='bbox 353 1614 491 1667; x_wconf 89' lang='lat' dir='ltr'>cepit,</span> <span class='ocrx_word' id='word_1_155' title='bbox 552 1616 674 1669; x_wconf 89' lang='lat' dir='ltr'>quod</span> <span class='ocrx_word' id='word_1_156' title='bbox 729 1615 883 1655; x_wconf 85' lang='lat' dir='ltr'>forsan</span> <span class='ocrx_word' id='word_1_157' title='bbox 940 1615 1025 1655; x_wconf 92' lang='lat' dir='ltr'>sibi</span> <span class='ocrx_word' id='word_1_158' title='bbox 1073 1616 1161 1656; x_wconf 91' lang='lat' dir='ltr'>hoc</span> <span class='ocrx_word' id='word_1_159' title='bbox 1207 1616 1332 1656; x_wconf 80' lang='lat' dir='ltr'>tieret</span> <span class='ocrx_word' id='word_1_160' title='bbox 1378 1620 1562 1669; x_wconf 89' lang='lat' dir='ltr'>propter</span> <span class='ocrx_word' id='word_1_161' title='bbox 1609 1617 1749 1657; x_wconf 81' lang='lat' dir='ltr'>tiliam</span> 
     </span>
     <span class='ocr_line' id='line_1_21' title="bbox 100 1686 1819 1742; baseline 0.001 -17"><span class='ocrx_word' id='word_1_162' title='bbox 100 1698 230 1726; x_wconf 87' lang='lat' dir='ltr'>suam</span> <span class='ocrx_word' id='word_1_163' title='bbox 274 1686 538 1739; x_wconf 81' lang='lat' dir='ltr'>pulchram3</span> <span class='ocrx_word' id='word_1_164' title='bbox 583 1687 779 1742; x_wconf 88' lang='lat' dir='ltr'>ideoque</span> <span class='ocrx_word' id='word_1_165' title='bbox 819 1691 986 1728; x_wconf 84' lang='lat' dir='ltr'>extunc</span> <span class='ocrx_word' id='word_1_166' title='bbox 1024 1700 1123 1727; x_wconf 90' lang='lat' dir='ltr'>eam</span> <span class='ocrx_word' id='word_1_167' title='bbox 1158 1688 1428 1740; x_wconf 85' lang='lat' dir='ltr'>diligencius</span> <span class='ocrx_word' id='word_1_168' title='bbox 1460 1689 1748 1729; x_wconf 87' lang='lat' dir='ltr'>obseruabat.</span> <span class='ocrx_word' id='word_1_169' title='bbox 1776 1697 1819 1728; x_wconf 88' lang='lat'>20</span> 
     </span>
     <span class='ocr_line' id='line_1_22' title="bbox 102 1753 1750 1813; baseline 0.002 -16"><span class='ocrx_word' id='word_1_170' title='bbox 102 1758 332 1811; x_wconf 84' lang='lat' dir='ltr'>Regnerus</span> <span class='ocrx_word' id='word_1_171' title='bbox 359 1753 513 1799; x_wconf 78' lang='lat' dir='ltr'>tamen</span> <span class='ocrx_word' id='word_1_172' title='bbox 541 1772 620 1812; x_wconf 89' lang='lat' dir='ltr'>per</span> <span class='ocrx_word' id='word_1_173' title='bbox 643 1759 986 1800; x_wconf 89' lang='lat' dir='ltr'>internuncium</span> <span class='ocrx_word' id='word_1_174' title='bbox 1015 1772 1292 1800; x_wconf 89' lang='lat' dir='ltr'>consensum</span> <span class='ocrx_word' id='word_1_175' title='bbox 1322 1761 1471 1813; x_wconf 92' lang='lat' dir='ltr'>puelle</span> <span class='ocrx_word' id='word_1_176' title='bbox 1495 1761 1750 1813; x_wconf 87' lang='lat' dir='ltr'>intelligens</span> 
     </span>
     <span class='ocr_line' id='line_1_23' title="bbox 100 1832 1747 1887; baseline 0.002 -17"><span class='ocrx_word' id='word_1_177' title='bbox 100 1834 335 1883; x_wconf 86' lang='lat' dir='ltr'>assumpta</span> <span class='ocrx_word' id='word_1_178' title='bbox 369 1834 491 1872; x_wconf 89' lang='lat' dir='ltr'>veste</span> <span class='ocrx_word' id='word_1_179' title='bbox 523 1832 736 1872; x_wconf 86' lang='lat' dir='ltr'>muliebri</span> <span class='ocrx_word' id='word_1_180' title='bbox 769 1833 825 1872; x_wconf 86' lang='lat' dir='ltr'>ad</span> <span class='ocrx_word' id='word_1_181' title='bbox 859 1845 959 1872; x_wconf 85' lang='lat' dir='ltr'>earn</span> <span class='ocrx_word' id='word_1_182' title='bbox 991 1832 1111 1872; x_wconf 91' lang='lat' dir='ltr'>venit</span> <span class='ocrx_word' id='word_1_183' title='bbox 1135 1837 1284 1887; x_wconf 89' lang='lat' dir='ltr'>atque,</span> <span class='ocrx_word' id='word_1_184' title='bbox 1318 1836 1367 1872; x_wconf 91' lang='lat' dir='ltr'>ut</span> <span class='ocrx_word' id='word_1_185' title='bbox 1392 1833 1557 1873; x_wconf 89' lang='lat' dir='ltr'>mulier</span> <span class='ocrx_word' id='word_1_186' title='bbox 1581 1833 1747 1874; x_wconf 89' lang='lat' dir='ltr'>lectum</span> 
     </span>
     <span class='ocr_line' id='line_1_24' title="bbox 101 1902 1750 1958; baseline 0.002 -16"><span class='ocrx_word' id='word_1_187' title='bbox 101 1902 197 1942; x_wconf 90' lang='lat' dir='ltr'>eius</span> <span class='ocrx_word' id='word_1_188' title='bbox 228 1903 417 1955; x_wconf 90' lang='lat' dir='ltr'>intrans,</span> <span class='ocrx_word' id='word_1_189' title='bbox 464 1904 561 1944; x_wconf 91' lang='lat' dir='ltr'>eius</span> <span class='ocrx_word' id='word_1_190' title='bbox 594 1904 883 1957; x_wconf 88' lang='lat' dir='ltr'>amplexibus</span> <span class='ocrx_word' id='word_1_191' title='bbox 915 1904 1162 1945; x_wconf 85' lang='lat' dir='ltr'>fruebatur.</span> <span class='ocrx_word' id='word_1_192' title='bbox 1227 1904 1435 1958; x_wconf 89' lang='lat' dir='ltr'>Cumque</span> <span class='ocrx_word' id='word_1_193' title='bbox 1468 1909 1620 1946; x_wconf 86' lang='lat' dir='ltr'>vterus</span> <span class='ocrx_word' id='word_1_194' title='bbox 1653 1906 1750 1946; x_wconf 91' lang='lat' dir='ltr'>eius</span> 
     </span>
     <span class='ocr_line' id='line_1_25' title="bbox 99 1974 1748 2030; baseline 0.002 -16"><span class='ocrx_word' id='word_1_195' title='bbox 99 1974 441 2028; x_wconf 83' lang='lat' dir='ltr'>intumesceret,</span> <span class='ocrx_word' id='word_1_196' title='bbox 496 1981 753 2030; x_wconf 86' lang='lat' dir='ltr'>artaretque</span> <span class='ocrx_word' id='word_1_197' title='bbox 801 1989 902 2017; x_wconf 89' lang='lat' dir='ltr'>eam</span> <span class='ocrx_word' id='word_1_198' title='bbox 950 1981 1096 2029; x_wconf 87' lang='lat' dir='ltr'>pater,</span> <span class='ocrx_word' id='word_1_199' title='bbox 1153 1981 1198 2018; x_wconf 86' lang='lat' dir='ltr'>vt</span> <span class='ocrx_word' id='word_1_200' title='bbox 1252 1978 1392 2018; x_wconf 91' lang='lat' dir='ltr'>huius</span> <span class='ocrx_word' id='word_1_201' title='bbox 1438 1977 1501 2017; x_wconf 92' lang='lat' dir='ltr'>rei</span> <span class='ocrx_word' id='word_1_202' title='bbox 1548 1981 1748 2017; x_wconf 90' lang='lat' dir='ltr'>actorem</span> 
     </span>
     <span class='ocr_line' id='line_1_26' title="bbox 100 2048 1818 2103; baseline 0.002 -16"><span class='ocrx_word' id='word_1_203' title='bbox 100 2048 323 2099; x_wconf 87' lang='lat' dir='ltr'>proderet,</span> <span class='ocrx_word' id='word_1_204' title='bbox 355 2061 433 2089; x_wconf 88' lang='lat' dir='ltr'>rex</span> <span class='ocrx_word' id='word_1_205' title='bbox 466 2048 635 2089; x_wconf 85' lang='lat' dir='ltr'>factum</span> <span class='ocrx_word' id='word_1_206' title='bbox 671 2062 806 2089; x_wconf 91' lang='lat' dir='ltr'>suum</span> <span class='ocrx_word' id='word_1_207' title='bbox 840 2049 1023 2102; x_wconf 90' lang='lat' dir='ltr'>publice</span> <span class='ocrx_word' id='word_1_208' title='bbox 1056 2049 1295 2102; x_wconf 89' lang='lat' dir='ltr'>fatebatur,</span> <span class='ocrx_word' id='word_1_209' title='bbox 1330 2053 1580 2103; x_wconf 89' lang='lat' dir='ltr'>natumque</span> <span class='ocrx_word' id='word_1_210' title='bbox 1612 2063 1665 2089; x_wconf 88' lang='lat' dir='ltr'>ex</span> <span class='ocrx_word' id='word_1_211' title='bbox 1698 2062 1748 2089; x_wconf 90' lang='lat' dir='ltr'>ea</span> <span class='ocrx_word' id='word_1_212' title='bbox 1776 2060 1818 2090; x_wconf 87' lang='lat'>25</span> 
     </span>
     <span class='ocr_line' id='line_1_27' title="bbox 100 2118 1746 2174; baseline 0.001 -15"><span class='ocrx_word' id='word_1_213' title='bbox 100 2118 247 2160; x_wconf 89' lang='lat' dir='ltr'>filium</span> <span class='ocrx_word' id='word_1_214' title='bbox 265 2120 508 2161; x_wconf 88' lang='lat' dir='ltr'>Vbbonem</span> <span class='ocrx_word' id='word_1_215' title='bbox 537 2121 819 2169; x_wconf 71' lang='lat' dir='ltr'>nominauit,</span> <span class='ocrx_word' id='word_1_216' title='bbox 853 2121 928 2161; x_wconf 94' lang='lat' dir='ltr'>hic</span> <span class='ocrx_word' id='word_1_217' title='bbox 961 2125 1054 2161; x_wconf 92' lang='lat' dir='ltr'>erat</span> <span class='ocrx_word' id='word_1_218' title='bbox 1089 2121 1209 2161; x_wconf 86' lang='lat' dir='ltr'>filius</span> <span class='ocrx_word' id='word_1_219' title='bbox 1243 2122 1432 2174; x_wconf 82' lang='lat' dir='ltr'>Regneri</span> <span class='ocrx_word' id='word_1_220' title='bbox 1465 2121 1746 2162; x_wconf 85' lang='lat' dir='ltr'>vndecimus.</span> 
     </span>
     <span class='ocr_line' id='line_1_28' title="bbox 101 2191 1748 2247; baseline 0.001 -15"><span class='ocrx_word' id='word_1_221' title='bbox 101 2191 191 2242; x_wconf 88' lang='lat' dir='ltr'>Qui</span> <span class='ocrx_word' id='word_1_222' title='bbox 231 2196 425 2232; x_wconf 90' lang='lat' dir='ltr'>matrem</span> <span class='ocrx_word' id='word_1_223' title='bbox 469 2193 638 2245; x_wconf 88' lang='lat' dir='ltr'>dilexit,</span> <span class='ocrx_word' id='word_1_224' title='bbox 685 2206 737 2233; x_wconf 94' lang='lat' dir='ltr'>eo</span> <span class='ocrx_word' id='word_1_225' title='bbox 780 2193 903 2246; x_wconf 91' lang='lat' dir='ltr'>quod</span> <span class='ocrx_word' id='word_1_226' title='bbox 944 2194 1077 2245; x_wconf 84' lang='lat' dir='ltr'>regiis</span> <span class='ocrx_word' id='word_1_227' title='bbox 1116 2194 1405 2247; x_wconf 89' lang='lat' dir='ltr'>amplexibus</span> <span class='ocrx_word' id='word_1_228' title='bbox 1450 2207 1496 2234; x_wconf 90' lang='lat' dir='ltr'>se</span> <span class='ocrx_word' id='word_1_229' title='bbox 1537 2194 1748 2245; x_wconf 88' lang='lat' dir='ltr'>dedisset,</span> 
     </span>
     <span class='ocr_line' id='line_1_29' title="bbox 101 2264 1747 2318; baseline 0.001 -14"><span class='ocrx_word' id='word_1_230' title='bbox 101 2265 178 2304; x_wconf 91' lang='lat' dir='ltr'>sed</span> <span class='ocrx_word' id='word_1_231' title='bbox 210 2268 386 2317; x_wconf 89' lang='lat' dir='ltr'>patrem</span> <span class='ocrx_word' id='word_1_232' title='bbox 419 2264 574 2305; x_wconf 89' lang='lat' dir='ltr'>minus</span> <span class='ocrx_word' id='word_1_233' title='bbox 606 2265 798 2317; x_wconf 92' lang='lat' dir='ltr'>curauit,</span> <span class='ocrx_word' id='word_1_234' title='bbox 839 2266 963 2318; x_wconf 88' lang='lat' dir='ltr'>quod</span> <span class='ocrx_word' id='word_1_235' title='bbox 1004 2266 1179 2318; x_wconf 90' lang='lat' dir='ltr'>plebeie</span> <span class='ocrx_word' id='word_1_236' title='bbox 1212 2266 1417 2306; x_wconf 90' lang='lat' dir='ltr'>mulieris</span> <span class='ocrx_word' id='word_1_237' title='bbox 1450 2266 1747 2306; x_wconf 87' lang='lat' dir='ltr'>concubitum</span> 
     </span>
    </p>
   </div>
   <div class='ocr_carea' id='block_1_3' title="bbox 279 2344 1749 2351">
    <p class='ocr_par' dir='ltr' id='par_1_4' title="bbox 279 2344 1749 2351">
     <span class='ocr_line' id='line_1_30' title="bbox 279 2344 1749 2351; baseline 0 0"><span class='ocrx_word' id='word_1_238' title='bbox 279 2344 1749 2351; x_wconf 95' lang='lat' dir='ltr'> </span> 
     </span>
    </p>
   </div>
   <div class='ocr_carea' id='block_1_4' title="bbox 99 2380 1751 3216">
    <p class='ocr_par' dir='ltr' id='par_1_5' title="bbox 99 2380 1751 3169">
     <span class='ocr_line' id='line_1_31' title="bbox 189 2380 1750 2430; baseline 0.001 -14"><span class='ocrx_word' id='word_1_239' title='bbox 189 2382 222 2418; x_wconf 91' lang='lat'>1.</span> <span class='ocrx_word' id='word_1_240' title='bbox 269 2381 466 2418; x_wconf 85' lang='lat' dir='ltr'>biornum</span> <span class='ocrx_word' id='word_1_241' title='bbox 514 2382 553 2417; x_wconf 92' lang='lat' dir='ltr'>S.</span> <span class='ocrx_word' id='word_1_242' title='bbox 644 2381 880 2428; x_wconf 83' lang='lat' dir='ltr'>Regnaldus</span> <span class='ocrx_word' id='word_1_243' title='bbox 926 2381 991 2417; x_wconf 94' lang='lat' dir='ltr'>AS</span> <span class='ocrx_word' id='word_1_244' title='bbox 1036 2380 1183 2430; x_wconf 75' lang='lat' dir='ltr'>(Saxo).</span> <span class='ocrx_word' id='word_1_245' title='bbox 1275 2384 1311 2418; x_wconf 87' lang='lat'>2.</span> <span class='ocrx_word' id='word_1_246' title='bbox 1356 2383 1585 2418; x_wconf 88' lang='lat' dir='ltr'>Witsercus</span> <span class='ocrx_word' id='word_1_247' title='bbox 1623 2382 1750 2426; x_wconf 68' lang='lat'>&amp;12:03</span> 
     </span>
     <span class='ocr_line' id='line_1_32' title="bbox 99 2436 1749 2487; baseline 0.001 -13"><span class='ocrx_word' id='word_1_248' title='bbox 99 2438 359 2474; x_wconf 87' lang='lat' dir='ltr'>Withbertus</span> <span class='ocrx_word' id='word_1_249' title='bbox 380 2439 450 2474; x_wconf 92' lang='lat' dir='ltr'>DV</span> <span class='ocrx_word' id='word_1_250' title='bbox 467 2437 605 2487; x_wconf 87' lang='lat' dir='ltr'>(With.</span> <span class='ocrx_word' id='word_1_251' title='bbox 623 2436 687 2486; x_wconf 72' lang='lat' dir='ltr'>A),</span> <span class='ocrx_word' id='word_1_252' title='bbox 706 2439 948 2474; x_wconf 88' lang='lat' dir='ltr'>Vithbertus</span> <span class='ocrx_word' id='word_1_253' title='bbox 967 2438 1007 2475; x_wconf 91' lang='lat' dir='ltr'>S.</span> <span class='ocrx_word' id='word_1_254' title='bbox 1072 2439 1250 2475; x_wconf 90' lang='lat' dir='ltr'>Hericus</span> <span class='ocrx_word' id='word_1_255' title='bbox 1268 2440 1311 2476; x_wconf 94' lang='lat' dir='ltr'>A.</span> <span class='ocrx_word' id='word_1_256' title='bbox 1373 2439 1611 2485; x_wconf 85' lang='lat' dir='ltr'>Suanlogha</span> <span class='ocrx_word' id='word_1_257' title='bbox 1631 2439 1749 2475; x_wconf 76' lang='lat' dir='ltr'>Saxo.</span> 
     </span>
     <span class='ocr_line' id='line_1_33' title="bbox 101 2495 1749 2542; baseline 0.001 -12"><span class='ocrx_word' id='word_1_258' title='bbox 101 2495 136 2531; x_wconf 89' lang='lat'>3.</span> <span class='ocrx_word' id='word_1_259' title='bbox 170 2496 295 2541; x_wconf 86' lang='lat' dir='ltr'>igitur</span> <span class='ocrx_word' id='word_1_260' title='bbox 327 2506 405 2533; x_wconf 87' lang='lat' dir='ltr'>om.</span> <span class='ocrx_word' id='word_1_261' title='bbox 439 2497 483 2532; x_wconf 94' lang='lat' dir='ltr'>V.</span> <span class='ocrx_word' id='word_1_262' title='bbox 575 2498 610 2532; x_wconf 88' lang='grc'>4.</span> <span class='ocrx_word' id='word_1_263' title='bbox 642 2496 743 2542; x_wconf 84' lang='lat' dir='ltr'>sing.</span> <span class='ocrx_word' id='word_1_264' title='bbox 778 2495 932 2531; x_wconf 86' lang='lat' dir='ltr'>bellum</span> <span class='ocrx_word' id='word_1_265' title='bbox 966 2496 1006 2531; x_wconf 91' lang='lat' dir='ltr'>S.</span> <span class='ocrx_word' id='word_1_266' title='bbox 1096 2497 1132 2532; x_wconf 88' lang='grc'>6.</span> <span class='ocrx_word' id='word_1_267' title='bbox 1174 2500 1321 2532; x_wconf 84' lang='lat' dir='ltr'>contra</span> <span class='ocrx_word' id='word_1_268' title='bbox 1353 2499 1536 2532; x_wconf 86' lang='lat' dir='ltr'>starcum</span> <span class='ocrx_word' id='word_1_269' title='bbox 1570 2496 1654 2541; x_wconf 72' lang='lat' dir='ltr'>AS,</span> <span class='ocrx_word' id='word_1_270' title='bbox 1701 2502 1749 2532; x_wconf 75' lang='lat' dir='ltr'>cu</span> 
     </span>
     <span class='ocr_line' id='line_1_34' title="bbox 101 2550 1751 2601; baseline 0 -13"><span class='ocrx_word' id='word_1_271' title='bbox 101 2550 298 2601; x_wconf 76' lang='lat' dir='ltr'>Starku(!)</span> <span class='ocrx_word' id='word_1_272' title='bbox 329 2553 375 2589; x_wconf 94' lang='lat' dir='ltr'>V.</span> <span class='ocrx_word' id='word_1_273' title='bbox 469 2555 504 2590; x_wconf 90' lang='lat'>8.</span> <span class='ocrx_word' id='word_1_274' title='bbox 539 2556 779 2599; x_wconf 88' lang='lat' dir='ltr'>aspectante</span> <span class='ocrx_word' id='word_1_275' title='bbox 810 2553 886 2589; x_wconf 92' lang='lat' dir='ltr'>AS.</span> <span class='ocrx_word' id='word_1_276' title='bbox 976 2553 1098 2588; x_wconf 74' lang='lat' dir='ltr'>biorn</span> <span class='ocrx_word' id='word_1_277' title='bbox 1139 2554 1191 2597; x_wconf 90' lang='lat' dir='ltr'>V;</span> <span class='ocrx_word' id='word_1_278' title='bbox 1237 2554 1359 2589; x_wconf 89' lang='lat' dir='ltr'>biorn</span> <span class='ocrx_word' id='word_1_279' title='bbox 1393 2553 1433 2597; x_wconf 86' lang='lat' dir='ltr'>S,</span> <span class='ocrx_word' id='word_1_280' title='bbox 1479 2556 1515 2588; x_wconf 85' lang='lat' dir='ltr'>el</span> <span class='ocrx_word' id='word_1_281' title='bbox 1552 2553 1608 2589; x_wconf 82' lang='lat' dir='ltr'>sic</span> <span class='ocrx_word' id='word_1_282' title='bbox 1647 2564 1751 2599; x_wconf 82' lang='lat' dir='ltr'>saepe</span> 
     </span>
     <span class='ocr_line' id='line_1_35' title="bbox 101 2609 1748 2656; baseline 0.001 -11"><span class='ocrx_word' id='word_1_283' title='bbox 101 2609 294 2646; x_wconf 78' lang='lat' dir='ltr'>variatur.</span> <span class='ocrx_word' id='word_1_284' title='bbox 376 2610 417 2646; x_wconf 94' lang='lat' dir='ltr'>in</span> <span class='ocrx_word' id='word_1_285' title='bbox 451 2610 523 2646; x_wconf 93' lang='lat' dir='ltr'>illo</span> <span class='ocrx_word' id='word_1_286' title='bbox 555 2610 665 2646; x_wconf 90' lang='lat' dir='ltr'>bello</span> <span class='ocrx_word' id='word_1_287' title='bbox 699 2610 737 2646; x_wconf 93' lang='lat' dir='ltr'>S.</span> <span class='ocrx_word' id='word_1_288' title='bbox 821 2610 854 2645; x_wconf 89' lang='grc'>9.</span> <span class='ocrx_word' id='word_1_289' title='bbox 883 2610 1101 2655; x_wconf 76' lang='lat' dir='ltr'>Jernssiitli</span> <span class='ocrx_word' id='word_1_290' title='bbox 1137 2610 1174 2646; x_wconf 89' lang='lat' dir='ltr'>S.</span> <span class='ocrx_word' id='word_1_291' title='bbox 1259 2611 1320 2646; x_wconf 92' lang='lat'>10.</span> <span class='ocrx_word' id='word_1_292' title='bbox 1353 2610 1566 2656; x_wconf 87' lang='lat' dir='ltr'>Regnerus</span> <span class='ocrx_word' id='word_1_293' title='bbox 1598 2621 1675 2646; x_wconf 88' lang='lat' dir='ltr'>om.</span> <span class='ocrx_word' id='word_1_294' title='bbox 1709 2610 1748 2646; x_wconf 90' lang='lat' dir='ltr'>S.</span> 
     </span>
     <span class='ocr_line' id='line_1_36' title="bbox 100 2664 1747 2715; baseline 0.001 -14"><span class='ocrx_word' id='word_1_295' title='bbox 100 2667 344 2713; x_wconf 84' lang='lat' dir='ltr'>aggrediens</span> <span class='ocrx_word' id='word_1_296' title='bbox 375 2667 521 2713; x_wconf 82' lang='lat' dir='ltr'>scripsi</span> <span class='ocrx_word' id='word_1_297' title='bbox 549 2665 800 2715; x_wconf 87' lang='lat' dir='ltr'>(impetitum</span> <span class='ocrx_word' id='word_1_298' title='bbox 832 2664 973 2714; x_wconf 77' lang='lat' dir='ltr'>Sax0);</span> <span class='ocrx_word' id='word_1_299' title='bbox 1013 2667 1230 2713; x_wconf 84' lang='lat' dir='ltr'>egrediens</span> <span class='ocrx_word' id='word_1_300' title='bbox 1265 2667 1390 2711; x_wconf 80' lang='lat' dir='ltr'>DVA3</span> <span class='ocrx_word' id='word_1_301' title='bbox 1422 2667 1675 2713; x_wconf 82' lang='lat' dir='ltr'>Regrediens</span> <span class='ocrx_word' id='word_1_302' title='bbox 1708 2667 1747 2702; x_wconf 92' lang='lat' dir='ltr'>S.</span> 
     </span>
     <span class='ocr_line' id='line_1_37' title="bbox 104 2723 1746 2775; baseline 0 -16"><span class='ocrx_word' id='word_1_303' title='bbox 104 2724 165 2759; x_wconf 90' lang='lat'>12.</span> <span class='ocrx_word' id='word_1_304' title='bbox 199 2725 325 2775; x_wconf 62' lang='lat' dir='ltr'>swecss</span> <span class='ocrx_word' id='word_1_305' title='bbox 357 2724 471 2760; x_wconf 93' lang='lat' dir='ltr'>DVS.</span> <span class='ocrx_word' id='word_1_306' title='bbox 564 2724 626 2761; x_wconf 88' lang='lat'>15.</span> <span class='ocrx_word' id='word_1_307' title='bbox 667 2724 793 2760; x_wconf 90' lang='lat' dir='ltr'>modo</span> <span class='ocrx_word' id='word_1_308' title='bbox 825 2723 946 2766; x_wconf 87' lang='lat' dir='ltr'>VAS;</span> <span class='ocrx_word' id='word_1_309' title='bbox 994 2734 1110 2759; x_wconf 89' lang='lat' dir='ltr'>more</span> <span class='ocrx_word' id='word_1_310' title='bbox 1151 2724 1196 2760; x_wconf 90' lang='lat' dir='ltr'>D.</span> <span class='ocrx_word' id='word_1_311' title='bbox 1288 2725 1373 2760; x_wconf 89' lang='lat' dir='ltr'>eius</span> <span class='ocrx_word' id='word_1_312' title='bbox 1411 2735 1489 2760; x_wconf 88' lang='lat' dir='ltr'>om.</span> <span class='ocrx_word' id='word_1_313' title='bbox 1523 2723 1562 2759; x_wconf 90' lang='lat' dir='ltr'>S.</span> <span class='ocrx_word' id='word_1_314' title='bbox 1651 2734 1746 2759; x_wconf 90' lang='lat' dir='ltr'>cum</span> 
     </span>
     <span class='ocr_line' id='line_1_38' title="bbox 101 2778 1747 2829; baseline 0.001 -14"><span class='ocrx_word' id='word_1_315' title='bbox 101 2791 195 2816; x_wconf 88' lang='lat' dir='ltr'>nam</span> <span class='ocrx_word' id='word_1_316' title='bbox 238 2781 282 2817; x_wconf 92' lang='lat' dir='ltr'>D.</span> <span class='ocrx_word' id='word_1_317' title='bbox 372 2781 433 2817; x_wconf 88' lang='grc'>16.</span> <span class='ocrx_word' id='word_1_318' title='bbox 480 2781 628 2829; x_wconf 77' lang='lat' dir='ltr'>plebeo</span> <span class='ocrx_word' id='word_1_319' title='bbox 670 2781 746 2817; x_wconf 92' lang='lat' dir='ltr'>AS.</span> <span class='ocrx_word' id='word_1_320' title='bbox 839 2781 900 2816; x_wconf 87' lang='lat'>18.</span> <span class='ocrx_word' id='word_1_321' title='bbox 939 2778 1204 2828; x_wconf 67' lang='lat' dir='ltr'>(monerabat</span> <span class='ocrx_word' id='word_1_322' title='bbox 1246 2781 1400 2816; x_wconf 83' lang='lat' dir='ltr'>malim.</span> <span class='ocrx_word' id='word_1_323' title='bbox 1484 2781 1668 2816; x_wconf 73' lang='lat' dir='ltr'>amirans</span> <span class='ocrx_word' id='word_1_324' title='bbox 1708 2781 1747 2816; x_wconf 93' lang='lat' dir='ltr'>S.</span> 
     </span>
     <span class='ocr_line' id='line_1_39' title="bbox 103 2837 1746 2874; baseline 0 -2"><span class='ocrx_word' id='word_1_325' title='bbox 103 2837 165 2873; x_wconf 88' lang='lat'>19.</span> <span class='ocrx_word' id='word_1_326' title='bbox 197 2838 275 2873; x_wconf 88' lang='lat' dir='ltr'>hec</span> <span class='ocrx_word' id='word_1_327' title='bbox 307 2838 454 2874; x_wconf 86' lang='lat' dir='ltr'>fierent</span> <span class='ocrx_word' id='word_1_328' title='bbox 486 2838 531 2874; x_wconf 90' lang='lat' dir='ltr'>D.</span> <span class='ocrx_word' id='word_1_329' title='bbox 607 2838 672 2874; x_wconf 92' lang='lat'>20.</span> <span class='ocrx_word' id='word_1_330' title='bbox 704 2841 856 2874; x_wconf 89' lang='lat' dir='ltr'>extunc</span> <span class='ocrx_word' id='word_1_331' title='bbox 886 2847 964 2873; x_wconf 88' lang='lat' dir='ltr'>om.</span> <span class='ocrx_word' id='word_1_332' title='bbox 998 2837 1036 2872; x_wconf 92' lang='lat' dir='ltr'>S.</span> <span class='ocrx_word' id='word_1_333' title='bbox 1110 2838 1174 2873; x_wconf 88' lang='lat'>22.</span> <span class='ocrx_word' id='word_1_334' title='bbox 1209 2841 1321 2873; x_wconf 84' lang='lat' dir='ltr'>veste</span> <span class='ocrx_word' id='word_1_335' title='bbox 1354 2837 1541 2873; x_wconf 87' lang='lat' dir='ltr'>mulieris</span> <span class='ocrx_word' id='word_1_336' title='bbox 1573 2839 1617 2874; x_wconf 93' lang='lat' dir='ltr'>A.</span> <span class='ocrx_word' id='word_1_337' title='bbox 1695 2837 1746 2872; x_wconf 87' lang='lat' dir='ltr'>ad</span> 
     </span>
     <span class='ocr_line' id='line_1_40' title="bbox 100 2893 1749 2941; baseline 0 -12"><span class='ocrx_word' id='word_1_338' title='bbox 100 2893 253 2930; x_wconf 89' lang='lat' dir='ltr'>lectum</span> <span class='ocrx_word' id='word_1_339' title='bbox 285 2895 329 2931; x_wconf 91' lang='lat' dir='ltr'>A.</span> <span class='ocrx_word' id='word_1_340' title='bbox 420 2895 482 2931; x_wconf 83' lang='lat'>24.</span> <span class='ocrx_word' id='word_1_341' title='bbox 516 2898 765 2931; x_wconf 90' lang='lat' dir='ltr'>tumesceret</span> <span class='ocrx_word' id='word_1_342' title='bbox 798 2894 837 2930; x_wconf 93' lang='lat' dir='ltr'>S.</span> <span class='ocrx_word' id='word_1_343' title='bbox 926 2897 1080 2930; x_wconf 87' lang='lat' dir='ltr'>artaret</span> <span class='ocrx_word' id='word_1_344' title='bbox 1142 2910 1186 2924; x_wconf 70' lang='lat' dir='ltr'><strong><em>z</em></strong></span> <span class='ocrx_word' id='word_1_345' title='bbox 1209 2893 1400 2941; x_wconf 83' lang='lat' dir='ltr'>cogeret),</span> <span class='ocrx_word' id='word_1_346' title='bbox 1446 2905 1524 2930; x_wconf 77' lang='lat'>0111.</span> <span class='ocrx_word' id='word_1_347' title='bbox 1556 2905 1649 2940; x_wconf 87' lang='lat' dir='ltr'>que,</span> <span class='ocrx_word' id='word_1_348' title='bbox 1695 2894 1749 2938; x_wconf 88' lang='lat' dir='ltr'>A;</span> 
     </span>
     <span class='ocr_line' id='line_1_41' title="bbox 101 2951 1747 2998; baseline 0 -12"><span class='ocrx_word' id='word_1_349' title='bbox 101 2951 343 2987; x_wconf 89' lang='lat' dir='ltr'>hortaretur</span> <span class='ocrx_word' id='word_1_350' title='bbox 383 2962 560 2998; x_wconf 86' lang='lat' dir='ltr'>eamque</span> <span class='ocrx_word' id='word_1_351' title='bbox 602 2954 721 2998; x_wconf 85' lang='lat' dir='ltr'>pater</span> <span class='ocrx_word' id='word_1_352' title='bbox 753 2951 791 2988; x_wconf 90' lang='lat' dir='ltr'>S.</span> <span class='ocrx_word' id='word_1_353' title='bbox 883 2955 1096 2987; x_wconf 86' lang='lat' dir='ltr'>auctorem</span> <span class='ocrx_word' id='word_1_354' title='bbox 1131 2951 1179 2996; x_wconf 79' lang='lat' dir='ltr'>S3</span> <span class='ocrx_word' id='word_1_355' title='bbox 1225 2952 1292 2987; x_wconf 83' lang='lat' dir='ltr'>sed</span> <span class='ocrx_word' id='word_1_356' title='bbox 1333 2955 1450 2987; x_wconf 88' lang='lat' dir='ltr'>actor</span> <span class='ocrx_word' id='word_1_357' title='bbox 1487 2952 1634 2997; x_wconf 73' lang='lat' dir='ltr'>scepius</span> <span class='ocrx_word' id='word_1_358' title='bbox 1669 2962 1747 2996; x_wconf 82' lang='lat' dir='ltr'>pro</span> 
     </span>
     <span class='ocr_line' id='line_1_42' title="bbox 101 3008 1748 3055; baseline -0.001 -12"><span class='ocrx_word' id='word_1_359' title='bbox 101 3011 273 3044; x_wconf 86' lang='lat' dir='ltr'>auctore</span> <span class='ocrx_word' id='word_1_360' title='bbox 303 3008 461 3045; x_wconf 80' lang='lat' dir='ltr'>dicitur.</span> <span class='ocrx_word' id='word_1_361' title='bbox 546 3009 611 3046; x_wconf 88' lang='lat'>27.</span> <span class='ocrx_word' id='word_1_362' title='bbox 645 3009 813 3055; x_wconf 82' lang='lat' dir='ltr'>regibus</span> <span class='ocrx_word' id='word_1_363' title='bbox 844 3009 928 3051; x_wconf 90' lang='lat' dir='ltr'>VD,</span> <span class='ocrx_word' id='word_1_364' title='bbox 974 3008 1042 3043; x_wconf 81' lang='lat' dir='ltr'>sed</span> <span class='ocrx_word' id='word_1_365' title='bbox 1074 3008 1114 3043; x_wconf 83' lang='lat' dir='ltr'>in</span> <span class='ocrx_word' id='word_1_366' title='bbox 1150 3009 1183 3043; x_wconf 92' lang='lat' dir='ltr'>D</span> <span class='ocrx_word' id='word_1_367' title='bbox 1215 3019 1315 3044; x_wconf 81' lang='lat' dir='ltr'>corr.</span> <span class='ocrx_word' id='word_1_368' title='bbox 1352 3009 1392 3044; x_wconf 87' lang='lat' dir='ltr'>in</span> <span class='ocrx_word' id='word_1_369' title='bbox 1427 3008 1544 3053; x_wconf 76' lang='lat' dir='ltr'>regis.</span> <span class='ocrx_word' id='word_1_370' title='bbox 1634 3008 1748 3043; x_wconf 86' lang='lat' dir='ltr'>‹ledi-</span> 
     </span>
     <span class='ocr_line' id='line_1_43' title="bbox 104 3063 1746 3113; baseline 0 -14"><span class='ocrx_word' id='word_1_371' title='bbox 104 3063 266 3113; x_wconf 65' lang='lat' dir='ltr'>t’issetO)</span> <span class='ocrx_word' id='word_1_372' title='bbox 297 3066 335 3101; x_wconf 94' lang='lat' dir='ltr'>S.</span> <span class='ocrx_word' id='word_1_373' title='bbox 420 3066 482 3102; x_wconf 90' lang='lat'>28.</span> <span class='ocrx_word' id='word_1_374' title='bbox 516 3066 587 3102; x_wconf 91' lang='lat' dir='ltr'>sed</span> <span class='ocrx_word' id='word_1_375' title='bbox 621 3069 780 3111; x_wconf 85' lang='lat' dir='ltr'>patrem</span> <span class='ocrx_word' id='word_1_376' title='bbox 814 3065 1134 3111; x_wconf 88' lang='lat' dir='ltr'>nimis..quod‚</span> <span class='ocrx_word' id='word_1_377' title='bbox 1173 3065 1336 3111; x_wconf 66' lang='lat' dir='ltr'>signata</span> <span class='ocrx_word' id='word_1_378' title='bbox 1371 3065 1530 3102; x_wconf 80' lang='lat' dir='ltr'>lacuna.</span> <span class='ocrx_word' id='word_1_379' title='bbox 1565 3065 1607 3100; x_wconf 94' lang='lat' dir='ltr'>A.</span> <span class='ocrx_word' id='word_1_380' title='bbox 1697 3075 1746 3100; x_wconf 95' lang='lat' dir='ltr'>eo</span> 
     </span>
     <span class='ocr_line' id='line_1_44' title="bbox 101 3121 1444 3169; baseline 0 -12"><span class='ocrx_word' id='word_1_381' title='bbox 101 3122 215 3167; x_wconf 77' lang='lat' dir='ltr'>quod</span> <span class='ocrx_word' id='word_1_382' title='bbox 249 3123 287 3158; x_wconf 92' lang='lat' dir='ltr'>S.</span> <span class='ocrx_word' id='word_1_383' title='bbox 362 3122 507 3167; x_wconf 89' lang='lat' dir='ltr'>plebee</span> <span class='ocrx_word' id='word_1_384' title='bbox 540 3123 585 3167; x_wconf 75' lang='lat'>83</span> <span class='ocrx_word' id='word_1_385' title='bbox 617 3122 776 3169; x_wconf 87' lang='lat' dir='ltr'>plebeis</span> <span class='ocrx_word' id='word_1_386' title='bbox 809 3123 859 3167; x_wconf 72' lang='lat' dir='ltr'>A,</span> <span class='ocrx_word' id='word_1_387' title='bbox 891 3121 1055 3168; x_wconf 89' lang='lat' dir='ltr'>plebeio</span> <span class='ocrx_word' id='word_1_388' title='bbox 1088 3122 1121 3157; x_wconf 98' lang='lat' dir='ltr'>V</span> <span class='ocrx_word' id='word_1_389' title='bbox 1153 3121 1205 3169; x_wconf 82' lang='lat' dir='ltr'>(et</span> <span class='ocrx_word' id='word_1_390' title='bbox 1235 3122 1350 3157; x_wconf 81' lang='lat' dir='ltr'>initio</span> <span class='ocrx_word' id='word_1_391' title='bbox 1385 3121 1444 3169; x_wconf 90' lang='lat' dir='ltr'>D).</span> 
     </span>
    </p>

    <p class='ocr_par' dir='ltr' id='par_1_6' title="bbox 1474 3185 1540 3216">
     <span class='ocr_line' id='line_1_45' title="bbox 1474 3185 1540 3216; baseline -0.015 0"><span class='ocrx_word' id='word_1_392' title='bbox 1474 3185 1540 3216; x_wconf 68' lang='lat'>23*</span> 
     </span>
    </p>
   </div>
  </div>
 </body>
</html>
