<?xml version="1.0" encoding="UTF-8"?>
<!DOCTYPE html PUBLIC "-//W3C//DTD XHTML 1.0 Transitional//EN"
    "http://www.w3.org/TR/xhtml1/DTD/xhtml1-transitional.dtd">
<html xmlns="http://www.w3.org/1999/xhtml" xml:lang="en" lang="en">
 <head>
  <title>
</title>
<meta http-equiv="Content-Type" content="text/html;charset=utf-8" />
  <meta name='ocr-system' content='tesseract 3.04.00' />
  <meta name='ocr-capabilities' content='ocr_page ocr_carea ocr_par ocr_line ocrx_word'/>
</head>
<body>
  <div class='ocr_page' id='page_1' title='image "./scriptoresminore112gert_0412.png"; bbox 0 0 2150 3584; ppageno 0'>
   <div class='ocr_carea' id='block_1_1' title="bbox 296 1120 336 1151">
    <p class='ocr_par' dir='ltr' id='par_1_1' title="bbox 296 1120 336 1151">
     <span class='ocr_line' id='line_1_1' title="bbox 296 1120 336 1151; baseline 0.025 -1"><span class='ocrx_word' id='word_1_1' title='bbox 296 1120 336 1151; x_wconf 90' lang='lat'>10</span> 
     </span>
    </p>
   </div>
   <div class='ocr_carea' id='block_1_2' title="bbox 299 1484 339 1515">
    <p class='ocr_par' dir='ltr' id='par_1_2' title="bbox 299 1484 339 1515">
     <span class='ocr_line' id='line_1_2' title="bbox 299 1484 339 1515; baseline -0.025 0"><span class='ocrx_word' id='word_1_2' title='bbox 299 1484 339 1515; x_wconf 88' lang='lat'>15</span> 
     </span>
    </p>
   </div>
   <div class='ocr_carea' id='block_1_3' title="bbox 301 1848 343 1879">
    <p class='ocr_par' dir='ltr' id='par_1_3' title="bbox 301 1848 343 1879">
     <span class='ocr_line' id='line_1_3' title="bbox 301 1848 343 1879; baseline 0 0"><span class='ocrx_word' id='word_1_3' title='bbox 301 1848 343 1879; x_wconf 88' lang='lat'>20</span> 
     </span>
    </p>
   </div>
   <div class='ocr_carea' id='block_1_4' title="bbox 304 2213 346 2244">
    <p class='ocr_par' dir='ltr' id='par_1_4' title="bbox 304 2213 346 2244">
     <span class='ocr_line' id='line_1_4' title="bbox 304 2213 346 2244; baseline -0.024 0"><span class='ocrx_word' id='word_1_4' title='bbox 304 2213 346 2244; x_wconf 88' lang='lat'>25</span> 
     </span>
    </p>
   </div>
   <div class='ocr_carea' id='block_1_5' title="bbox 307 2577 349 2608">
    <p class='ocr_par' dir='ltr' id='par_1_5' title="bbox 307 2577 349 2608">
     <span class='ocr_line' id='line_1_5' title="bbox 307 2577 349 2608; baseline 0.024 -1"><span class='ocrx_word' id='word_1_5' title='bbox 307 2577 349 2608; x_wconf 89' lang='lat'>30</span> 
     </span>
    </p>
   </div>
   <div class='ocr_carea' id='block_1_6' title="bbox 359 228 1674 267">
    <p class='ocr_par' dir='ltr' id='par_1_6' title="bbox 359 228 1674 267">
     <span class='ocr_line' id='line_1_6' title="bbox 359 228 1674 267; baseline -0.002 0"><span class='ocrx_word' id='word_1_6' title='bbox 359 228 442 267; x_wconf 82' lang='lat'>394</span> <span class='ocrx_word' id='word_1_7' title='bbox 700 237 976 265; x_wconf 81' lang='lat' dir='ltr'>SCRIPTORES</span> <span class='ocrx_word' id='word_1_8' title='bbox 1008 236 1234 265; x_wconf 76' lang='lat' dir='ltr'>fflsronlAE</span> <span class='ocrx_word' id='word_1_9' title='bbox 1267 237 1443 264; x_wconf 85' lang='lat' dir='ltr'><strong>DANICAE</strong></span> <span class='ocrx_word' id='word_1_10' title='bbox 1475 237 1674 265; x_wconf 79' lang='lat' dir='ltr'>MINORES</span> 
     </span>
    </p>
   </div>
   <div class='ocr_carea' id='block_1_7' title="bbox 359 350 2012 985">
    <p class='ocr_par' dir='ltr' id='par_1_7' title="bbox 359 350 2012 985">
     <span class='ocr_line' id='line_1_7' title="bbox 359 350 2006 405; baseline -0.001 -13"><span class='ocrx_word' id='word_1_11' title='bbox 359 365 484 392; x_wconf 86' lang='lat' dir='ltr'>mam</span> <span class='ocrx_word' id='word_1_12' title='bbox 511 355 842 405; x_wconf 74' lang='lat' dir='ltr'>paupertatem.</span> <span class='ocrx_word' id='word_1_13' title='bbox 892 350 1108 392; x_wconf 90' lang='lat' dir='ltr'>Hinricus</span> <span class='ocrx_word' id='word_1_14' title='bbox 1134 354 1287 391; x_wconf 90' lang='lat' dir='ltr'>autem</span> <span class='ocrx_word' id='word_1_15' title='bbox 1316 354 1500 404; x_wconf 89' lang='lat' dir='ltr'>propter</span> <span class='ocrx_word' id='word_1_16' title='bbox 1530 350 1768 392; x_wconf 78' lang='lat' dir='ltr'>victoriani</span> <span class='ocrx_word' id='word_1_17' title='bbox 1802 350 2006 391; x_wconf 81' lang='lat' dir='ltr'>habitam</span> 
     </span>
     <span class='ocr_line' id='line_1_8' title="bbox 360 423 2009 476; baseline -0.001 -11"><span class='ocrx_word' id='word_1_18' title='bbox 360 424 579 465; x_wconf 84' lang='lat' dir='ltr'>audacior</span> <span class='ocrx_word' id='word_1_19' title='bbox 617 423 763 464; x_wconf 87' lang='lat' dir='ltr'>factus</span> <span class='ocrx_word' id='word_1_20' title='bbox 801 437 962 464; x_wconf 90' lang='lat' dir='ltr'>omnes</span> <span class='ocrx_word' id='word_1_21' title='bbox 1002 423 1257 464; x_wconf 91' lang='lat' dir='ltr'>maritimas</span> <span class='ocrx_word' id='word_1_22' title='bbox 1298 426 1448 476; x_wconf 90' lang='lat' dir='ltr'>partes</span> <span class='ocrx_word' id='word_1_23' title='bbox 1482 423 1620 464; x_wconf 88' lang='lat' dir='ltr'>Dacie</span> <span class='ocrx_word' id='word_1_24' title='bbox 1660 423 1857 463; x_wconf 92' lang='lat' dir='ltr'>nimium</span> <span class='ocrx_word' id='word_1_25' title='bbox 1899 423 2009 464; x_wconf 88' lang='lat' dir='ltr'>infe-</span> 
     </span>
     <span class='ocr_line' id='line_1_9' title="bbox 361 495 2010 549; baseline -0.001 -11"><span class='ocrx_word' id='word_1_26' title='bbox 361 498 520 538; x_wconf 88' lang='lat' dir='ltr'>stabat.</span> <span class='ocrx_word' id='word_1_27' title='bbox 586 497 779 549; x_wconf 83' lang='lat' dir='ltr'>Insuper</span> <span class='ocrx_word' id='word_1_28' title='bbox 811 500 996 549; x_wconf 89' lang='lat' dir='ltr'>propter</span> <span class='ocrx_word' id='word_1_29' title='bbox 1027 496 1255 536; x_wconf 88' lang='lat' dir='ltr'>defectum</span> <span class='ocrx_word' id='word_1_30' title='bbox 1289 495 1474 549; x_wconf 87' lang='lat' dir='ltr'>prefecti</span> <span class='ocrx_word' id='word_1_31' title='bbox 1506 495 1628 536; x_wconf 89' lang='lat' dir='ltr'>fures</span> <span class='ocrx_word' id='word_1_32' title='bbox 1660 499 1703 536; x_wconf 93' lang='lat' dir='ltr'>et</span> <span class='ocrx_word' id='word_1_33' title='bbox 1732 496 1931 536; x_wconf 88' lang='lat' dir='ltr'>latrones</span> <span class='ocrx_word' id='word_1_34' title='bbox 1962 495 2010 535; x_wconf 90' lang='lat' dir='ltr'>in</span> 
     </span>
     <span class='ocr_line' id='line_1_10' title="bbox 360 567 2012 623; baseline -0.002 -13"><span class='ocrx_word' id='word_1_35' title='bbox 360 570 568 623; x_wconf 91' lang='lat' dir='ltr'>partibus</span> <span class='ocrx_word' id='word_1_36' title='bbox 616 568 992 609; x_wconf 79' lang='lat' dir='ltr'>SleswiCensibus</span> <span class='ocrx_word' id='word_1_37' title='bbox 1046 568 1091 608; x_wconf 93' lang='lat' dir='ltr'>in</span> <span class='ocrx_word' id='word_1_38' title='bbox 1139 572 1317 608; x_wconf 92' lang='lat' dir='ltr'>tantum</span> <span class='ocrx_word' id='word_1_39' title='bbox 1366 567 1656 621; x_wconf 88' lang='lat' dir='ltr'>multiplicati</span> <span class='ocrx_word' id='word_1_40' title='bbox 1702 567 1910 620; x_wconf 86' lang='lat' dir='ltr'>fuerunt,</span> <span class='ocrx_word' id='word_1_41' title='bbox 1965 571 2012 608; x_wconf 87' lang='lat' dir='ltr'>vt</span> 
     </span>
     <span class='ocr_line' id='line_1_11' title="bbox 361 639 2010 694; baseline -0.001 -12"><span class='ocrx_word' id='word_1_42' title='bbox 361 643 516 682; x_wconf 91' lang='lat' dir='ltr'>nullus</span> <span class='ocrx_word' id='word_1_43' title='bbox 558 642 643 682; x_wconf 95' lang='lat' dir='ltr'>sub</span> <span class='ocrx_word' id='word_1_44' title='bbox 682 654 780 681; x_wconf 87' lang='lat' dir='ltr'>sera</span> <span class='ocrx_word' id='word_1_45' title='bbox 825 641 895 682; x_wconf 90' lang='lat' dir='ltr'>vel</span> <span class='ocrx_word' id='word_1_46' title='bbox 939 641 1036 682; x_wconf 89' lang='lat' dir='ltr'>sine</span> <span class='ocrx_word' id='word_1_47' title='bbox 1068 641 1280 681; x_wconf 87' lang='lat' dir='ltr'>clausura</span> <span class='ocrx_word' id='word_1_48' title='bbox 1314 640 1486 694; x_wconf 88' lang='lat' dir='ltr'>aliquid</span> <span class='ocrx_word' id='word_1_49' title='bbox 1531 648 1688 680; x_wconf 82' lang='lat' dir='ltr'>secure</span> <span class='ocrx_word' id='word_1_50' title='bbox 1726 639 2010 693; x_wconf 87' lang='lat' dir='ltr'>possidebat;</span> 
     </span>
     <span class='ocr_line' id='line_1_12' title="bbox 360 712 2012 765; baseline -0.001 -10"><span class='ocrx_word' id='word_1_51' title='bbox 360 728 469 755; x_wconf 89' lang='lat' dir='ltr'>nam</span> <span class='ocrx_word' id='word_1_52' title='bbox 505 714 733 765; x_wconf 83' lang='lat' dir='ltr'>Frisones,</span> <span class='ocrx_word' id='word_1_53' title='bbox 782 713 961 754; x_wconf 88' lang='lat' dir='ltr'>Holzati</span> <span class='ocrx_word' id='word_1_54' title='bbox 1002 717 1042 753; x_wconf 89' lang='lat' dir='ltr'>et</span> <span class='ocrx_word' id='word_1_55' title='bbox 1075 713 1328 754; x_wconf 91' lang='lat' dir='ltr'>Thitmarci</span> <span class='ocrx_word' id='word_1_56' title='bbox 1371 716 1527 754; x_wconf 91' lang='lat' dir='ltr'>noctes</span> <span class='ocrx_word' id='word_1_57' title='bbox 1560 712 1705 765; x_wconf 89' lang='lat' dir='ltr'>furtis,</span> <span class='ocrx_word' id='word_1_58' title='bbox 1752 712 1848 753; x_wconf 91' lang='lat' dir='ltr'>dies</span> <span class='ocrx_word' id='word_1_59' title='bbox 1879 713 2012 753; x_wconf 89' lang='lat' dir='ltr'>latro-</span> 
     </span>
     <span class='ocr_line' id='line_1_13' title="bbox 361 784 2011 839; baseline -0.002 -11"><span class='ocrx_word' id='word_1_60' title='bbox 361 787 493 829; x_wconf 89' lang='lat' dir='ltr'>ciniis</span> <span class='ocrx_word' id='word_1_61' title='bbox 535 787 876 839; x_wconf 84' lang='lat' dir='ltr'>impendebant.</span> <span class='ocrx_word' id='word_1_62' title='bbox 940 786 1063 826; x_wconf 88' lang='lat' dir='ltr'>Adeo</span> <span class='ocrx_word' id='word_1_63' title='bbox 1110 789 1265 826; x_wconf 90' lang='lat' dir='ltr'>autem</span> <span class='ocrx_word' id='word_1_64' title='bbox 1311 785 1533 827; x_wconf 85' lang='lat' dir='ltr'>violencie</span> <span class='ocrx_word' id='word_1_65' title='bbox 1580 785 1627 825; x_wconf 92' lang='lat' dir='ltr'>in</span> <span class='ocrx_word' id='word_1_66' title='bbox 1673 785 1881 839; x_wconf 88' lang='lat' dir='ltr'>partibus</span> <span class='ocrx_word' id='word_1_67' title='bbox 1923 784 2011 825; x_wconf 91' lang='lat' dir='ltr'>illis</span> 
     </span>
     <span class='ocr_line' id='line_1_14' title="bbox 362 857 2010 913; baseline -0.001 -15"><span class='ocrx_word' id='word_1_68' title='bbox 362 863 698 911; x_wconf 89' lang='lat' dir='ltr'>succreuerant,</span> <span class='ocrx_word' id='word_1_69' title='bbox 745 862 791 900; x_wconf 81' lang='lat' dir='ltr'>vt</span> <span class='ocrx_word' id='word_1_70' title='bbox 831 859 997 912; x_wconf 87' lang='lat' dir='ltr'>plures,</span> <span class='ocrx_word' id='word_1_71' title='bbox 1045 858 1214 913; x_wconf 89' lang='lat' dir='ltr'>quibus</span> <span class='ocrx_word' id='word_1_72' title='bbox 1253 872 1331 899; x_wconf 85' lang='lat' dir='ltr'>rex</span> <span class='ocrx_word' id='word_1_73' title='bbox 1369 858 1506 910; x_wconf 85' lang='lat' dir='ltr'>gratis</span> <span class='ocrx_word' id='word_1_74' title='bbox 1548 858 1852 911; x_wconf 87' lang='lat' dir='ltr'>prefecturam</span> <span class='ocrx_word' id='word_1_75' title='bbox 1885 857 2010 897; x_wconf 90' lang='lat' dir='ltr'>illam</span> 
     </span>
     <span class='ocr_line' id='line_1_15' title="bbox 363 930 1825 985; baseline -0.001 -12"><span class='ocrx_word' id='word_1_76' title='bbox 363 932 582 984; x_wconf 83' lang='lat' dir='ltr'>exhibuit,</span> <span class='ocrx_word' id='word_1_77' title='bbox 615 935 852 985; x_wconf 83' lang='lat' dir='ltr'>acceptare</span> <span class='ocrx_word' id='word_1_78' title='bbox 884 945 977 972; x_wconf 90' lang='lat' dir='ltr'>non</span> <span class='ocrx_word' id='word_1_79' title='bbox 1010 931 1254 972; x_wconf 87' lang='lat' dir='ltr'>audebant.</span> <span class='ocrx_word' id='word_1_80' title='bbox 1318 931 1405 972; x_wconf 88' lang='lat' dir='ltr'>Tot</span> <span class='ocrx_word' id='word_1_81' title='bbox 1438 934 1565 971; x_wconf 87' lang='lat' dir='ltr'>erant</span> <span class='ocrx_word' id='word_1_82' title='bbox 1595 930 1659 971; x_wconf 92' lang='lat' dir='ltr'>ibi</span> <span class='ocrx_word' id='word_1_83' title='bbox 1691 931 1825 971; x_wconf 89' lang='lat' dir='ltr'>mala.</span> 
     </span>
    </p>
   </div>
   <div class='ocr_carea' id='block_1_8' title="bbox 364 1078 2013 1238">
    <p class='ocr_par' dir='ltr' id='par_1_8' title="bbox 364 1078 2013 1238">
     <span class='ocr_line' id='line_1_16' title="bbox 451 1078 2013 1164; baseline -0.002 -11"><span class='ocrx_word' id='word_1_84' title='bbox 451 1113 526 1153; x_wconf 91' lang='lat' dir='ltr'>III.</span> <span class='ocrx_word' id='word_1_85' title='bbox 590 1078 686 1156; x_wconf 84' lang='grc' dir='ltr'>ΕΟ</span> <span class='ocrx_word' id='word_1_86' title='bbox 718 1115 924 1164; x_wconf 90' lang='lat' dir='ltr'>tempore</span> <span class='ocrx_word' id='word_1_87' title='bbox 962 1111 1085 1151; x_wconf 89' lang='lat' dir='ltr'>misit</span> <span class='ocrx_word' id='word_1_88' title='bbox 1118 1112 1232 1151; x_wconf 87' lang='lat' dir='ltr'>Kan</span> <span class='ocrx_word' id='word_1_89' title='bbox 1248 1114 1373 1152; x_wconf 89' lang='lat' dir='ltr'>utus</span> <span class='ocrx_word' id='word_1_90' title='bbox 1405 1111 1599 1152; x_wconf 88' lang='lat' dir='ltr'>nuncios</span> <span class='ocrx_word' id='word_1_91' title='bbox 1631 1112 1685 1152; x_wconf 93' lang='lat' dir='ltr'>ad</span> <span class='ocrx_word' id='word_1_92' title='bbox 1721 1112 2013 1151; x_wconf 86' lang='lat' dir='ltr'>educatorem</span> 
     </span>
     <span class='ocr_line' id='line_1_17' title="bbox 364 1183 2013 1238; baseline -0.002 -11"><span class='ocrx_word' id='word_1_93' title='bbox 364 1185 572 1227; x_wconf 92' lang='lat' dir='ltr'>suumin</span> <span class='ocrx_word' id='word_1_94' title='bbox 593 1184 886 1236; x_wconf 90' lang='lat' dir='ltr'>Sialendiam,</span> <span class='ocrx_word' id='word_1_95' title='bbox 919 1184 997 1238; x_wconf 92' lang='lat' dir='ltr'>qui</span> <span class='ocrx_word' id='word_1_96' title='bbox 1024 1184 1269 1237; x_wconf 89' lang='lat' dir='ltr'>pecuniam</span> <span class='ocrx_word' id='word_1_97' title='bbox 1299 1197 1430 1224; x_wconf 85' lang='lat' dir='ltr'>suam</span> <span class='ocrx_word' id='word_1_98' title='bbox 1464 1185 1587 1237; x_wconf 91' lang='lat' dir='ltr'>apud</span> <span class='ocrx_word' id='word_1_99' title='bbox 1620 1197 1725 1224; x_wconf 90' lang='lat' dir='ltr'>eum</span> <span class='ocrx_word' id='word_1_100' title='bbox 1758 1183 2013 1237; x_wconf 89' lang='lat' dir='ltr'>depositam</span> 
     </span>
    </p>
   </div>
   <div class='ocr_carea' id='block_1_9' title="bbox 364 1256 2076 1312">
    <p class='ocr_par' dir='ltr' id='par_1_9' title="bbox 364 1256 2076 1312">
     <span class='ocr_line' id='line_1_18' title="bbox 364 1256 2076 1312; baseline -0.002 -13"><span class='ocrx_word' id='word_1_101' title='bbox 364 1261 660 1312; x_wconf 84' lang='lat' dir='ltr'>reportarent.</span> <span class='ocrx_word' id='word_1_102' title='bbox 742 1257 834 1308; x_wconf 87' lang='lat' dir='ltr'>Qui</span> <span class='ocrx_word' id='word_1_103' title='bbox 879 1269 985 1297; x_wconf 88' lang='lat' dir='ltr'>cum</span> <span class='ocrx_word' id='word_1_104' title='bbox 1031 1256 1078 1296; x_wconf 93' lang='lat' dir='ltr'>in</span> <span class='ocrx_word' id='word_1_105' title='bbox 1126 1256 1242 1297; x_wconf 87' lang='lat' dir='ltr'>mari</span> <span class='ocrx_word' id='word_1_106' title='bbox 1289 1261 1438 1298; x_wconf 90' lang='lat' dir='ltr'>essent</span> <span class='ocrx_word' id='word_1_107' title='bbox 1485 1256 1601 1297; x_wconf 90' lang='lat' dir='ltr'>inter</span> <span class='ocrx_word' id='word_1_108' title='bbox 1648 1256 1928 1298; x_wconf 89' lang='lat' dir='ltr'>Sialendiam</span> <span class='ocrx_word' id='word_1_109' title='bbox 1974 1260 2017 1296; x_wconf 90' lang='lat' dir='ltr'>et</span> <span class='ocrx_word' id='word_1_110' title='bbox 2069 1256 2076 1259; x_wconf 54' lang='grc'><strong>“</strong></span> 
     </span>
    </p>
   </div>
   <div class='ocr_carea' id='block_1_10' title="bbox 366 1329 2024 2692">
    <p class='ocr_par' dir='ltr' id='par_1_10' title="bbox 366 1329 2024 2692">
     <span class='ocr_line' id='line_1_19' title="bbox 366 1329 2016 1383; baseline -0.002 -11"><span class='ocrx_word' id='word_1_111' title='bbox 366 1331 587 1372; x_wconf 90' lang='lat' dir='ltr'>Feoniam</span> <span class='ocrx_word' id='word_1_112' title='bbox 645 1343 751 1371; x_wconf 88' lang='lat' dir='ltr'>cum</span> <span class='ocrx_word' id='word_1_113' title='bbox 808 1329 1003 1383; x_wconf 89' lang='lat' dir='ltr'>pecunia</span> <span class='ocrx_word' id='word_1_114' title='bbox 1050 1330 1313 1381; x_wconf 84' lang='lat' dir='ltr'>redeuntes,</span> <span class='ocrx_word' id='word_1_115' title='bbox 1374 1329 1587 1370; x_wconf 84' lang='lat' dir='ltr'>viderunt</span> <span class='ocrx_word' id='word_1_116' title='bbox 1640 1329 1810 1382; x_wconf 86' lang='lat' dir='ltr'>piratas</span> <span class='ocrx_word' id='word_1_117' title='bbox 1863 1342 2016 1382; x_wconf 88' lang='lat' dir='ltr'>super-</span> 
     </span>
     <span class='ocr_line' id='line_1_20' title="bbox 366 1401 2015 1456; baseline -0.002 -12"><span class='ocrx_word' id='word_1_118' title='bbox 366 1403 614 1455; x_wconf 86' lang='lat' dir='ltr'>uenientes‚</span> <span class='ocrx_word' id='word_1_119' title='bbox 662 1416 715 1443; x_wconf 91' lang='lat' dir='ltr'>ac</span> <span class='ocrx_word' id='word_1_120' title='bbox 761 1401 1006 1456; x_wconf 89' lang='lat' dir='ltr'>pecuniam</span> <span class='ocrx_word' id='word_1_121' title='bbox 1054 1402 1101 1442; x_wconf 91' lang='lat' dir='ltr'>in</span> <span class='ocrx_word' id='word_1_122' title='bbox 1148 1402 1432 1455; x_wconf 89' lang='lat' dir='ltr'>profundum</span> <span class='ocrx_word' id='word_1_123' title='bbox 1473 1401 1747 1454; x_wconf 86' lang='lat' dir='ltr'>deiecerunt,</span> <span class='ocrx_word' id='word_1_124' title='bbox 1796 1402 2015 1442; x_wconf 88' lang='lat' dir='ltr'>malentes</span> 
     </span>
     <span class='ocr_line' id='line_1_21' title="bbox 367 1474 2015 1529; baseline -0.002 -12"><span class='ocrx_word' id='word_1_125' title='bbox 367 1490 467 1517; x_wconf 90' lang='lat' dir='ltr'>eam</span> <span class='ocrx_word' id='word_1_126' title='bbox 501 1476 647 1529; x_wconf 88' lang='lat' dir='ltr'>perire</span> <span class='ocrx_word' id='word_1_127' title='bbox 679 1488 818 1529; x_wconf 89' lang='lat' dir='ltr'>quam</span> <span class='ocrx_word' id='word_1_128' title='bbox 851 1475 1062 1516; x_wconf 90' lang='lat' dir='ltr'>hostibus</span> <span class='ocrx_word' id='word_1_129' title='bbox 1095 1474 1327 1516; x_wconf 89' lang='lat' dir='ltr'>obuenire.</span> <span class='ocrx_word' id='word_1_130' title='bbox 1374 1475 1526 1525; x_wconf 83' lang='lat' dir='ltr'>Quam</span> <span class='ocrx_word' id='word_1_131' title='bbox 1555 1474 1777 1515; x_wconf 89' lang='lat' dir='ltr'>iacturam</span> <span class='ocrx_word' id='word_1_132' title='bbox 1808 1475 2015 1514; x_wconf 87' lang='lat' dir='ltr'>Kanutus</span> 
     </span>
     <span class='ocr_line' id='line_1_22' title="bbox 367 1547 2018 1602; baseline -0.002 -12"><span class='ocrx_word' id='word_1_133' title='bbox 367 1550 480 1590; x_wconf 91' lang='lat' dir='ltr'>adeo</span> <span class='ocrx_word' id='word_1_134' title='bbox 520 1549 750 1602; x_wconf 88' lang='lat' dir='ltr'>pacienter</span> <span class='ocrx_word' id='word_1_135' title='bbox 788 1548 971 1601; x_wconf 86' lang='lat' dir='ltr'>recepit,</span> <span class='ocrx_word' id='word_1_136' title='bbox 1017 1552 1064 1589; x_wconf 86' lang='lat' dir='ltr'>vt</span> <span class='ocrx_word' id='word_1_137' title='bbox 1101 1547 1149 1588; x_wconf 93' lang='lat' dir='ltr'>in</span> <span class='ocrx_word' id='word_1_138' title='bbox 1189 1547 1316 1588; x_wconf 89' lang='lat' dir='ltr'>nullo</span> <span class='ocrx_word' id='word_1_139' title='bbox 1358 1547 1543 1588; x_wconf 90' lang='lat' dir='ltr'>animus</span> <span class='ocrx_word' id='word_1_140' title='bbox 1585 1548 1682 1588; x_wconf 89' lang='lat' dir='ltr'>eius</span> <span class='ocrx_word' id='word_1_141' title='bbox 1714 1550 1898 1600; x_wconf 86' lang='lat' dir='ltr'>propter</span> <span class='ocrx_word' id='word_1_142' title='bbox 1929 1547 2018 1587; x_wconf 92' lang='lat' dir='ltr'>hoc</span> 
     </span>
     <span class='ocr_line' id='line_1_23' title="bbox 366 1619 2020 1674; baseline -0.001 -12"><span class='ocrx_word' id='word_1_143' title='bbox 366 1622 639 1662; x_wconf 90' lang='lat' dir='ltr'>immutatus</span> <span class='ocrx_word' id='word_1_144' title='bbox 693 1621 934 1662; x_wconf 83' lang='lat' dir='ltr'>videretur.</span> <span class='ocrx_word' id='word_1_145' title='bbox 1025 1621 1278 1661; x_wconf 89' lang='lat' dir='ltr'>Aduertens</span> <span class='ocrx_word' id='word_1_146' title='bbox 1325 1624 1499 1673; x_wconf 88' lang='lat' dir='ltr'>autem,</span> <span class='ocrx_word' id='word_1_147' title='bbox 1556 1633 1696 1674; x_wconf 88' lang='lat' dir='ltr'>quam</span> <span class='ocrx_word' id='word_1_148' title='bbox 1754 1619 2020 1660; x_wconf 85' lang='lat' dir='ltr'>deformiter</span> 
     </span>
     <span class='ocr_line' id='line_1_24' title="bbox 369 1693 2019 1748; baseline -0.002 -12"><span class='ocrx_word' id='word_1_149' title='bbox 369 1699 519 1748; x_wconf 89' lang='lat' dir='ltr'>partes</span> <span class='ocrx_word' id='word_1_150' title='bbox 538 1694 858 1736; x_wconf 85' lang='lat' dir='ltr'>Sleswicenses</span> <span class='ocrx_word' id='word_1_151' title='bbox 885 1697 1056 1734; x_wconf 90' lang='lat' dir='ltr'>starent</span> <span class='ocrx_word' id='word_1_152' title='bbox 1078 1696 1263 1746; x_wconf 88' lang='lat' dir='ltr'>propter</span> <span class='ocrx_word' id='word_1_153' title='bbox 1287 1693 1464 1734; x_wconf 91' lang='lat' dir='ltr'>iusticie</span> <span class='ocrx_word' id='word_1_154' title='bbox 1497 1693 1737 1740; x_wconf 87' lang='lat' dir='ltr'>defectum,</span> <span class='ocrx_word' id='word_1_155' title='bbox 1772 1696 2019 1746; x_wconf 91' lang='lat' dir='ltr'>petensque</span> 
     </span>
     <span class='ocr_line' id='line_1_25' title="bbox 368 1764 2020 1821; baseline -0.002 -13"><span class='ocrx_word' id='word_1_156' title='bbox 368 1769 495 1808; x_wconf 90' lang='lat' dir='ltr'>illam</span> <span class='ocrx_word' id='word_1_157' title='bbox 534 1768 838 1821; x_wconf 87' lang='lat' dir='ltr'>prefecturam</span> <span class='ocrx_word' id='word_1_158' title='bbox 879 1779 905 1806; x_wconf 90' lang='lat' dir='ltr'>a</span> <span class='ocrx_word' id='word_1_159' title='bbox 944 1777 1061 1818; x_wconf 84' lang='lat' dir='ltr'>rege,</span> <span class='ocrx_word' id='word_1_160' title='bbox 1108 1770 1272 1819; x_wconf 88' lang='lat' dir='ltr'>patruo</span> <span class='ocrx_word' id='word_1_161' title='bbox 1305 1779 1404 1817; x_wconf 88' lang='lat' dir='ltr'>suo,</span> <span class='ocrx_word' id='word_1_162' title='bbox 1450 1766 1587 1818; x_wconf 83' lang='lat' dir='ltr'>gratis</span> <span class='ocrx_word' id='word_1_163' title='bbox 1620 1779 1735 1818; x_wconf 85' lang='lat' dir='ltr'>eam,</span> <span class='ocrx_word' id='word_1_164' title='bbox 1782 1765 1899 1806; x_wconf 90' lang='lat' dir='ltr'>sicut</span> <span class='ocrx_word' id='word_1_165' title='bbox 1929 1764 2020 1818; x_wconf 90' lang='lat' dir='ltr'>alij,</span> 
     </span>
     <span class='ocr_line' id='line_1_26' title="bbox 370 1837 2020 1894; baseline -0.002 -12"><span class='ocrx_word' id='word_1_166' title='bbox 370 1854 463 1882; x_wconf 90' lang='lat' dir='ltr'>non</span> <span class='ocrx_word' id='word_1_167' title='bbox 511 1843 688 1894; x_wconf 90' lang='lat' dir='ltr'>poterat</span> <span class='ocrx_word' id='word_1_168' title='bbox 733 1839 960 1892; x_wconf 88' lang='lat' dir='ltr'>optinere;</span> <span class='ocrx_word' id='word_1_169' title='bbox 1022 1838 1207 1880; x_wconf 88' lang='lat' dir='ltr'>vendita</span> <span class='ocrx_word' id='word_1_170' title='bbox 1259 1838 1396 1890; x_wconf 85' lang='lat' dir='ltr'>igitur</span> <span class='ocrx_word' id='word_1_171' title='bbox 1449 1838 1710 1892; x_wconf 88' lang='lat' dir='ltr'>patrimonij</span> <span class='ocrx_word' id='word_1_172' title='bbox 1771 1837 1841 1878; x_wconf 92' lang='lat' dir='ltr'>sui</span> <span class='ocrx_word' id='word_1_173' title='bbox 1895 1840 2020 1891; x_wconf 88' lang='lat' dir='ltr'>parte</span> 
     </span>
     <span class='ocr_line' id='line_1_27' title="bbox 370 1909 2021 1965; baseline -0.002 -11"><span class='ocrx_word' id='word_1_174' title='bbox 370 1913 725 1954; x_wconf 87' lang='lat' dir='ltr'>formidolosum</span> <span class='ocrx_word' id='word_1_175' title='bbox 757 1912 859 1952; x_wconf 90' lang='lat' dir='ltr'>aliis</span> <span class='ocrx_word' id='word_1_176' title='bbox 891 1911 1151 1952; x_wconf 88' lang='lat' dir='ltr'>dominium</span> <span class='ocrx_word' id='word_1_177' title='bbox 1178 1911 1372 1964; x_wconf 91' lang='lat' dir='ltr'>pecunia</span> <span class='ocrx_word' id='word_1_178' title='bbox 1400 1910 1701 1965; x_wconf 85' lang='lat' dir='ltr'>comparauit.</span> <span class='ocrx_word' id='word_1_179' title='bbox 1752 1911 1853 1951; x_wconf 84' lang='lat' dir='ltr'>Dux</span> <span class='ocrx_word' id='word_1_180' title='bbox 1885 1909 2021 1962; x_wconf 86' lang='lat' dir='ltr'>igitur</span> 
     </span>
     <span class='ocr_line' id='line_1_28' title="bbox 370 1983 2021 2038; baseline -0.002 -11"><span class='ocrx_word' id='word_1_181' title='bbox 370 1987 516 2027; x_wconf 90' lang='lat' dir='ltr'>factus</span> <span class='ocrx_word' id='word_1_182' title='bbox 551 1985 740 2026; x_wconf 89' lang='lat' dir='ltr'>Hinrico</span> <span class='ocrx_word' id='word_1_183' title='bbox 774 1985 912 2026; x_wconf 90' lang='lat' dir='ltr'>Slauo</span> <span class='ocrx_word' id='word_1_184' title='bbox 955 1984 1150 2025; x_wconf 90' lang='lat' dir='ltr'>nuncios</span> <span class='ocrx_word' id='word_1_185' title='bbox 1191 1984 1329 2036; x_wconf 85' lang='lat' dir='ltr'>misit,</span> <span class='ocrx_word' id='word_1_186' title='bbox 1375 1985 1498 2038; x_wconf 87' lang='lat' dir='ltr'>quod</span> <span class='ocrx_word' id='word_1_187' title='bbox 1539 1983 1731 2024; x_wconf 88' lang='lat' dir='ltr'>libenter</span> <span class='ocrx_word' id='word_1_188' title='bbox 1769 1996 1925 2024; x_wconf 90' lang='lat' dir='ltr'>secum</span> <span class='ocrx_word' id='word_1_189' title='bbox 1966 1984 2021 2023; x_wconf 95' lang='lat' dir='ltr'>de</span> 
     </span>
     <span class='ocr_line' id='line_1_29' title="bbox 371 2056 2022 2112; baseline -0.002 -13"><span class='ocrx_word' id='word_1_190' title='bbox 371 2072 482 2112; x_wconf 91' lang='lat' dir='ltr'>pace</span> <span class='ocrx_word' id='word_1_191' title='bbox 514 2062 738 2110; x_wconf 86' lang='lat' dir='ltr'>tractaret,</span> <span class='ocrx_word' id='word_1_192' title='bbox 771 2057 808 2098; x_wconf 91' lang='lat' dir='ltr'>si</span> <span class='ocrx_word' id='word_1_193' title='bbox 840 2057 1043 2111; x_wconf 88' lang='lat' dir='ltr'>primum</span> <span class='ocrx_word' id='word_1_194' title='bbox 1076 2057 1293 2110; x_wconf 85' lang='lat' dir='ltr'>dampna,</span> <span class='ocrx_word' id='word_1_195' title='bbox 1325 2070 1414 2111; x_wconf 88' lang='lat' dir='ltr'>que</span> <span class='ocrx_word' id='word_1_196' title='bbox 1445 2057 1576 2098; x_wconf 88' lang='lat' dir='ltr'>Jucie</span> <span class='ocrx_word' id='word_1_197' title='bbox 1607 2056 1834 2108; x_wconf 91' lang='lat' dir='ltr'>intulerat,</span> <span class='ocrx_word' id='word_1_198' title='bbox 1872 2069 2022 2096; x_wconf 92' lang='lat' dir='ltr'>emen-</span> 
     </span>
     <span class='ocr_line' id='line_1_30' title="bbox 372 2127 2023 2184; baseline -0.002 -12"><span class='ocrx_word' id='word_1_199' title='bbox 372 2133 511 2172; x_wconf 84' lang='lat' dir='ltr'>daret.</span> <span class='ocrx_word' id='word_1_200' title='bbox 560 2131 751 2171; x_wconf 90' lang='lat' dir='ltr'>Nunciis</span> <span class='ocrx_word' id='word_1_201' title='bbox 780 2129 993 2184; x_wconf 86' lang='lat' dir='ltr'>profectis</span> <span class='ocrx_word' id='word_1_202' title='bbox 1017 2134 1239 2184; x_wconf 90' lang='lat' dir='ltr'>tanquam</span> <span class='ocrx_word' id='word_1_203' title='bbox 1266 2129 1475 2183; x_wconf 91' lang='lat' dir='ltr'>responsi</span> <span class='ocrx_word' id='word_1_204' title='bbox 1501 2129 1706 2183; x_wconf 90' lang='lat' dir='ltr'>prescius</span> <span class='ocrx_word' id='word_1_205' title='bbox 1731 2127 2023 2180; x_wconf 84' lang='lat' dir='ltr'>congregauit</span> 
     </span>
     <span class='ocr_line' id='line_1_31' title="bbox 374 2201 2020 2256; baseline -0.002 -11"><span class='ocrx_word' id='word_1_206' title='bbox 374 2204 637 2256; x_wconf 83' lang='lat' dir='ltr'>exercitum,</span> <span class='ocrx_word' id='word_1_207' title='bbox 669 2207 715 2244; x_wconf 87' lang='lat' dir='ltr'>vt</span> <span class='ocrx_word' id='word_1_208' title='bbox 747 2202 899 2244; x_wconf 90' lang='lat' dir='ltr'>statim</span> <span class='ocrx_word' id='word_1_209' title='bbox 925 2202 1113 2243; x_wconf 86' lang='lat' dir='ltr'>intraret</span> <span class='ocrx_word' id='word_1_210' title='bbox 1131 2202 1334 2243; x_wconf 90' lang='lat' dir='ltr'>Slauiam</span> <span class='ocrx_word' id='word_1_211' title='bbox 1365 2205 1468 2255; x_wconf 92' lang='lat' dir='ltr'>post</span> <span class='ocrx_word' id='word_1_212' title='bbox 1498 2202 1696 2242; x_wconf 89' lang='lat' dir='ltr'>reditum</span> <span class='ocrx_word' id='word_1_213' title='bbox 1729 2201 2020 2242; x_wconf 90' lang='lat' dir='ltr'>nunciorum.</span> 
     </span>
     <span class='ocr_line' id='line_1_32' title="bbox 376 2273 2021 2330; baseline -0.002 -13"><span class='ocrx_word' id='word_1_214' title='bbox 376 2277 593 2317; x_wconf 89' lang='lat' dir='ltr'>Hinricus</span> <span class='ocrx_word' id='word_1_215' title='bbox 624 2275 875 2330; x_wconf 88' lang='lat' dir='ltr'>respondit,</span> <span class='ocrx_word' id='word_1_216' title='bbox 907 2288 953 2316; x_wconf 91' lang='lat' dir='ltr'>se</span> <span class='ocrx_word' id='word_1_217' title='bbox 986 2275 1162 2316; x_wconf 87' lang='lat' dir='ltr'>nullam</span> <span class='ocrx_word' id='word_1_218' title='bbox 1196 2288 1356 2328; x_wconf 90' lang='lat' dir='ltr'>pacem</span> <span class='ocrx_word' id='word_1_219' title='bbox 1382 2287 1488 2315; x_wconf 89' lang='lat' dir='ltr'>cum</span> <span class='ocrx_word' id='word_1_220' title='bbox 1514 2274 1657 2315; x_wconf 90' lang='lat' dir='ltr'>Danis</span> <span class='ocrx_word' id='word_1_221' title='bbox 1687 2275 1801 2316; x_wconf 86' lang='lat' dir='ltr'>velle</span> <span class='ocrx_word' id='word_1_222' title='bbox 1832 2273 2021 2324; x_wconf 81' lang='lat' dir='ltr'>habere3</span> 
     </span>
     <span class='ocr_line' id='line_1_33' title="bbox 375 2347 2024 2403; baseline -0.003 -12"><span class='ocrx_word' id='word_1_223' title='bbox 375 2351 497 2403; x_wconf 90' lang='lat' dir='ltr'>quod</span> <span class='ocrx_word' id='word_1_224' title='bbox 531 2362 637 2390; x_wconf 88' lang='lat' dir='ltr'>curn</span> <span class='ocrx_word' id='word_1_225' title='bbox 672 2350 853 2389; x_wconf 88' lang='lat' dir='ltr'>Kanuto</span> <span class='ocrx_word' id='word_1_226' title='bbox 886 2347 1040 2401; x_wconf 89' lang='lat' dir='ltr'>nuncij</span> <span class='ocrx_word' id='word_1_227' title='bbox 1076 2347 1349 2400; x_wconf 89' lang='lat' dir='ltr'>retulissent,</span> <span class='ocrx_word' id='word_1_228' title='bbox 1396 2347 1570 2388; x_wconf 88' lang='lat' dir='ltr'>remisit</span> <span class='ocrx_word' id='word_1_229' title='bbox 1601 2360 1679 2388; x_wconf 91' lang='lat' dir='ltr'>eos</span> <span class='ocrx_word' id='word_1_230' title='bbox 1712 2347 1934 2398; x_wconf 87' lang='lat' dir='ltr'>Kanutus,</span> <span class='ocrx_word' id='word_1_231' title='bbox 1977 2352 2024 2386; x_wconf 85' lang='lat' dir='ltr'>vt</span> 
     </span>
     <span class='ocr_line' id='line_1_34' title="bbox 377 2418 2022 2473; baseline -0.002 -10"><span class='ocrx_word' id='word_1_232' title='bbox 377 2423 566 2463; x_wconf 89' lang='lat' dir='ltr'>Hinrico</span> <span class='ocrx_word' id='word_1_233' title='bbox 613 2421 956 2462; x_wconf 87' lang='lat' dir='ltr'>diffidacionem</span> <span class='ocrx_word' id='word_1_234' title='bbox 1005 2420 1289 2461; x_wconf 88' lang='lat' dir='ltr'>nunciarent.</span> <span class='ocrx_word' id='word_1_235' title='bbox 1360 2420 1495 2471; x_wconf 86' lang='lat' dir='ltr'>Quod</span> <span class='ocrx_word' id='word_1_236' title='bbox 1543 2433 1764 2473; x_wconf 89' lang='lat' dir='ltr'>spernens</span> <span class='ocrx_word' id='word_1_237' title='bbox 1807 2418 2022 2459; x_wconf 88' lang='lat' dir='ltr'>Hinricus</span> 
     </span>
     <span class='ocr_line' id='line_1_35' title="bbox 376 2491 2024 2547; baseline -0.003 -11"><span class='ocrx_word' id='word_1_238' title='bbox 376 2496 489 2536; x_wconf 85' lang='lat' dir='ltr'>dixit</span> <span class='ocrx_word' id='word_1_239' title='bbox 520 2496 754 2536; x_wconf 87' lang='lat' dir='ltr'>Kanutum</span> <span class='ocrx_word' id='word_1_240' title='bbox 788 2493 985 2534; x_wconf 88' lang='lat' dir='ltr'>similem</span> <span class='ocrx_word' id='word_1_241' title='bbox 1027 2506 1144 2547; x_wconf 88' lang='lat' dir='ltr'>equo</span> <span class='ocrx_word' id='word_1_242' title='bbox 1182 2493 1453 2546; x_wconf 90' lang='lat' dir='ltr'>lasciuienti,</span> <span class='ocrx_word' id='word_1_243' title='bbox 1500 2493 1577 2546; x_wconf 89' lang='lat' dir='ltr'>qui</span> <span class='ocrx_word' id='word_1_244' title='bbox 1618 2492 1864 2532; x_wconf 89' lang='lat' dir='ltr'>difficulter</span> <span class='ocrx_word' id='word_1_245' title='bbox 1902 2491 2024 2546; x_wconf 90' lang='lat' dir='ltr'>equi-</span> 
     </span>
     <span class='ocr_line' id='line_1_36' title="bbox 376 2564 2023 2622; baseline -0.004 -13"><span class='ocrx_word' id='word_1_246' title='bbox 376 2569 460 2609; x_wconf 91' lang='lat' dir='ltr'>tari</span> <span class='ocrx_word' id='word_1_247' title='bbox 493 2571 653 2622; x_wconf 83' lang='lat' dir='ltr'>potest,</span> <span class='ocrx_word' id='word_1_248' title='bbox 686 2580 824 2620; x_wconf 88' lang='lat' dir='ltr'>seque</span> <span class='ocrx_word' id='word_1_249' title='bbox 851 2566 1032 2607; x_wconf 86' lang='lat' dir='ltr'>frenum</span> <span class='ocrx_word' id='word_1_250' title='bbox 1062 2565 1101 2606; x_wconf 92' lang='lat' dir='ltr'>ei</span> <span class='ocrx_word' id='word_1_251' title='bbox 1126 2565 1465 2619; x_wconf 88' lang='lat' dir='ltr'>impositurum.</span> <span class='ocrx_word' id='word_1_252' title='bbox 1514 2566 1616 2616; x_wconf 88' lang='lat' dir='ltr'>Quo</span> <span class='ocrx_word' id='word_1_253' title='bbox 1640 2564 1797 2605; x_wconf 82' lang='lat' dir='ltr'>audito</span> <span class='ocrx_word' id='word_1_254' title='bbox 1814 2565 2023 2604; x_wconf 89' lang='lat' dir='ltr'>Kanutus</span> 
     </span>
     <span class='ocr_line' id='line_1_37' title="bbox 378 2636 2022 2692; baseline -0.003 -10"><span class='ocrx_word' id='word_1_255' title='bbox 378 2645 603 2682; x_wconf 90' lang='lat' dir='ltr'>nocturno</span> <span class='ocrx_word' id='word_1_256' title='bbox 636 2644 841 2692; x_wconf 89' lang='lat' dir='ltr'>tempore</span> <span class='ocrx_word' id='word_1_257' title='bbox 872 2638 1033 2679; x_wconf 87' lang='lat' dir='ltr'>festine</span> <span class='ocrx_word' id='word_1_258' title='bbox 1065 2638 1289 2691; x_wconf 88' lang='lat' dir='ltr'>transiuit,</span> <span class='ocrx_word' id='word_1_259' title='bbox 1323 2638 1536 2691; x_wconf 87' lang='lat' dir='ltr'>venitque</span> <span class='ocrx_word' id='word_1_260' title='bbox 1564 2637 1767 2678; x_wconf 92' lang='lat' dir='ltr'>diluculo</span> <span class='ocrx_word' id='word_1_261' title='bbox 1793 2637 1851 2677; x_wconf 90' lang='lat' dir='ltr'>ad</span> <span class='ocrx_word' id='word_1_262' title='bbox 1876 2636 2022 2677; x_wconf 92' lang='lat' dir='ltr'>muni-</span> 
     </span>
    </p>
   </div>
   <div class='ocr_carea' id='block_1_11' title="bbox 376 2722 650 2727">
    <p class='ocr_par' dir='ltr' id='par_1_11' title="bbox 376 2722 650 2727">
     <span class='ocr_line' id='line_1_38' title="bbox 376 2722 650 2727; baseline 0 0"><span class='ocrx_word' id='word_1_263' title='bbox 376 2722 650 2727; x_wconf 95' lang='lat' dir='ltr'> </span> 
     </span>
    </p>
   </div>
   <div class='ocr_carea' id='block_1_12' title="bbox 1843 2718 2023 2721">
    <p class='ocr_par' dir='ltr' id='par_1_12' title="bbox 1843 2718 2023 2721">
     <span class='ocr_line' id='line_1_39' title="bbox 1843 2718 2023 2721; baseline 0 0"><span class='ocrx_word' id='word_1_264' title='bbox 1843 2718 2023 2721; x_wconf 95' lang='lat' dir='ltr'> </span> 
     </span>
    </p>
   </div>
   <div class='ocr_carea' id='block_1_13' title="bbox 380 2752 2025 3148">
    <p class='ocr_par' dir='ltr' id='par_1_13' title="bbox 380 2752 2025 3148">
     <span class='ocr_line' id='line_1_40' title="bbox 464 2752 2025 2804; baseline -0.003 -10"><span class='ocrx_word' id='word_1_265' title='bbox 464 2759 499 2794; x_wconf 90' lang='lat'>5.</span> <span class='ocrx_word' id='word_1_266' title='bbox 532 2758 621 2794; x_wconf 88' lang='lat' dir='ltr'>sine</span> <span class='ocrx_word' id='word_1_267' title='bbox 653 2768 732 2793; x_wconf 90' lang='lat' dir='ltr'>om.</span> <span class='ocrx_word' id='word_1_268' title='bbox 767 2757 806 2793; x_wconf 88' lang='lat' dir='ltr'>S.</span> <span class='ocrx_word' id='word_1_269' title='bbox 891 2757 925 2792; x_wconf 88' lang='lat'>6.</span> <span class='ocrx_word' id='word_1_270' title='bbox 958 2757 1153 2792; x_wconf 89' lang='lat' dir='ltr'>holzatici</span> <span class='ocrx_word' id='word_1_271' title='bbox 1186 2756 1232 2801; x_wconf 84' lang='lat' dir='ltr'>S;</span> <span class='ocrx_word' id='word_1_272' title='bbox 1272 2756 1433 2792; x_wconf 90' lang='lat' dir='ltr'>holsaci</span> <span class='ocrx_word' id='word_1_273' title='bbox 1465 2756 1516 2801; x_wconf 80' lang='lat' dir='ltr'>A;</span> <span class='ocrx_word' id='word_1_274' title='bbox 1558 2752 1752 2804; x_wconf 88' lang='lat' dir='ltr'>hokati(!)</span> <span class='ocrx_word' id='word_1_275' title='bbox 1785 2755 1830 2790; x_wconf 92' lang='lat' dir='ltr'>D.</span> <span class='ocrx_word' id='word_1_276' title='bbox 1916 2753 2025 2799; x_wconf 82' lang='lat' dir='ltr'>thyt-</span> 
     </span>
     <span class='ocr_line' id='line_1_41' title="bbox 380 2809 2024 2862; baseline -0.003 -11"><span class='ocrx_word' id='word_1_277' title='bbox 380 2816 507 2852; x_wconf 85' lang='lat' dir='ltr'>marci</span> <span class='ocrx_word' id='word_1_278' title='bbox 534 2816 586 2860; x_wconf 89' lang='lat' dir='ltr'>D;</span> <span class='ocrx_word' id='word_1_279' title='bbox 618 2814 830 2851; x_wconf 86' lang='lat' dir='ltr'>tithmarci</span> <span class='ocrx_word' id='word_1_280' title='bbox 855 2814 895 2851; x_wconf 92' lang='lat' dir='ltr'>S.</span> <span class='ocrx_word' id='word_1_281' title='bbox 959 2815 994 2850; x_wconf 88' lang='lat'>9.</span> <span class='ocrx_word' id='word_1_282' title='bbox 1027 2814 1184 2850; x_wconf 86' lang='lat' dir='ltr'>exibuit</span> <span class='ocrx_word' id='word_1_283' title='bbox 1208 2814 1261 2859; x_wconf 79' lang='lat' dir='ltr'>V3</span> <span class='ocrx_word' id='word_1_284' title='bbox 1294 2811 1546 2862; x_wconf 86' lang='lat' dir='ltr'>ex(h)ibebat</span> <span class='ocrx_word' id='word_1_285' title='bbox 1573 2809 1653 2848; x_wconf 76' lang='lat' dir='ltr'>S(²).</span> <span class='ocrx_word' id='word_1_286' title='bbox 1716 2813 1778 2849; x_wconf 90' lang='lat'>10.</span> <span class='ocrx_word' id='word_1_287' title='bbox 1809 2810 2024 2856; x_wconf 82' lang='lat' dir='ltr'>Inscriptio</span> 
     </span>
     <span class='ocr_line' id='line_1_42' title="bbox 380 2868 2022 2916; baseline -0.004 -7"><span class='ocrx_word' id='word_1_288' title='bbox 380 2874 420 2909; x_wconf 86' lang='lat' dir='ltr'>in</span> <span class='ocrx_word' id='word_1_289' title='bbox 448 2874 538 2909; x_wconf 76' lang='lat' dir='ltr'>DA:</span> <span class='ocrx_word' id='word_1_290' title='bbox 573 2873 630 2908; x_wconf 92' lang='lat' dir='ltr'>De</span> <span class='ocrx_word' id='word_1_291' title='bbox 654 2872 806 2908; x_wconf 87' lang='lat' dir='ltr'>Sancto</span> <span class='ocrx_word' id='word_1_292' title='bbox 834 2872 998 2907; x_wconf 87' lang='lat' dir='ltr'>Kanuto</span> <span class='ocrx_word' id='word_1_293' title='bbox 1032 2872 1164 2916; x_wconf 74' lang='lat' dir='ltr'>Duce,</span> <span class='ocrx_word' id='word_1_294' title='bbox 1197 2870 1237 2906; x_wconf 85' lang='lat' dir='ltr'>in</span> <span class='ocrx_word' id='word_1_295' title='bbox 1272 2880 1402 2916; x_wconf 74' lang='lat' dir='ltr'>mat-9.</span> <span class='ocrx_word' id='word_1_296' title='bbox 1427 2871 1472 2906; x_wconf 88' lang='lat' dir='ltr'>S:</span> <span class='ocrx_word' id='word_1_297' title='bbox 1506 2870 1682 2907; x_wconf 89' lang='lat' dir='ltr'>historia</span> <span class='ocrx_word' id='word_1_298' title='bbox 1713 2869 1845 2905; x_wconf 89' lang='lat' dir='ltr'>sancti</span> <span class='ocrx_word' id='word_1_299' title='bbox 1878 2868 2022 2904; x_wconf 86' lang='lat' dir='ltr'>kanuti</span> 
     </span>
     <span class='ocr_line' id='line_1_43' title="bbox 380 2924 2023 2975; baseline -0.003 -9"><span class='ocrx_word' id='word_1_300' title='bbox 380 2931 499 2966; x_wconf 85' lang='lat' dir='ltr'>ducis</span> <span class='ocrx_word' id='word_1_301' title='bbox 531 2933 571 2966; x_wconf 89' lang='lat' dir='ltr'>et</span> <span class='ocrx_word' id='word_1_302' title='bbox 602 2929 809 2975; x_wconf 80' lang='lat' dir='ltr'>martyris</span> <span class='ocrx_word' id='word_1_303' title='bbox 874 2928 934 2964; x_wconf 87' lang='lat'>13.</span> <span class='ocrx_word' id='word_1_304' title='bbox 969 2928 1193 2975; x_wconf 89' lang='lat' dir='ltr'>pheoniam</span> <span class='ocrx_word' id='word_1_305' title='bbox 1222 2928 1298 2964; x_wconf 81' lang='lat' dir='ltr'>As,</span> <span class='ocrx_word' id='word_1_306' title='bbox 1362 2928 1425 2964; x_wconf 93' lang='lat'>17.</span> <span class='ocrx_word' id='word_1_307' title='bbox 1459 2930 1643 2964; x_wconf 88' lang='lat' dir='ltr'>mutatus</span> <span class='ocrx_word' id='word_1_308' title='bbox 1677 2927 1716 2963; x_wconf 92' lang='lat' dir='ltr'>S.</span> <span class='ocrx_word' id='word_1_309' title='bbox 1795 2926 1950 2962; x_wconf 89' lang='lat' dir='ltr'>videret</span> <span class='ocrx_word' id='word_1_310' title='bbox 1978 2924 2023 2961; x_wconf 90' lang='lat' dir='ltr'>D.</span> 
     </span>
     <span class='ocr_line' id='line_1_44' title="bbox 381 2982 2022 3032; baseline -0.003 -9"><span class='ocrx_word' id='word_1_311' title='bbox 381 2991 519 3023; x_wconf 80' lang='lat' dir='ltr'>autem</span> <span class='ocrx_word' id='word_1_312' title='bbox 550 2998 627 3023; x_wconf 88' lang='lat' dir='ltr'>om.</span> <span class='ocrx_word' id='word_1_313' title='bbox 653 2987 693 3023; x_wconf 88' lang='lat' dir='ltr'>S.</span> <span class='ocrx_word' id='word_1_314' title='bbox 757 2987 821 3022; x_wconf 88' lang='lat'>20.</span> <span class='ocrx_word' id='word_1_315' title='bbox 853 2986 1053 3022; x_wconf 83' lang='lat' dir='ltr'>obtenere</span> <span class='ocrx_word' id='word_1_316' title='bbox 1078 2986 1117 3022; x_wconf 92' lang='lat' dir='ltr'>S.</span> <span class='ocrx_word' id='word_1_317' title='bbox 1180 2986 1242 3021; x_wconf 91' lang='lat'>21.</span> <span class='ocrx_word' id='word_1_318' title='bbox 1275 2985 1454 3032; x_wconf 85' lang='lat' dir='ltr'>pecunia</span> <span class='ocrx_word' id='word_1_319' title='bbox 1479 2995 1557 3021; x_wconf 88' lang='lat' dir='ltr'>om.</span> <span class='ocrx_word' id='word_1_320' title='bbox 1581 2986 1623 3021; x_wconf 80' lang='grc' dir='ltr'>Α.</span> <span class='ocrx_word' id='word_1_321' title='bbox 1687 2984 1750 3020; x_wconf 89' lang='grc'>24.</span> <span class='ocrx_word' id='word_1_322' title='bbox 1786 2983 1952 3029; x_wconf 90' lang='lat' dir='ltr'>precius</span> <span class='ocrx_word' id='word_1_323' title='bbox 1978 2982 2022 3019; x_wconf 93' lang='lat' dir='ltr'>V.</span> 
     </span>
     <span class='ocr_line' id='line_1_45' title="bbox 383 3040 2023 3081; baseline -0.004 0"><span class='ocrx_word' id='word_1_324' title='bbox 383 3046 445 3081; x_wconf 88' lang='lat'>25.</span> <span class='ocrx_word' id='word_1_325' title='bbox 478 3045 615 3081; x_wconf 81' lang='lat' dir='ltr'>statim</span> <span class='ocrx_word' id='word_1_326' title='bbox 642 3055 718 3081; x_wconf 90' lang='lat' dir='ltr'>om.</span> <span class='ocrx_word' id='word_1_327' title='bbox 745 3044 784 3079; x_wconf 92' lang='lat' dir='ltr'>S.</span> <span class='ocrx_word' id='word_1_328' title='bbox 846 3044 911 3079; x_wconf 85' lang='lat'>26.</span> <span class='ocrx_word' id='word_1_329' title='bbox 942 3043 1098 3079; x_wconf 84' lang='lat' dir='ltr'>habere</span> <span class='ocrx_word' id='word_1_330' title='bbox 1127 3043 1231 3079; x_wconf 88' lang='lat' dir='ltr'>velle</span> <span class='ocrx_word' id='word_1_331' title='bbox 1255 3043 1299 3079; x_wconf 92' lang='lat' dir='ltr'>V.</span> <span class='ocrx_word' id='word_1_332' title='bbox 1362 3044 1425 3079; x_wconf 92' lang='lat'>27.</span> <span class='ocrx_word' id='word_1_333' title='bbox 1457 3042 1696 3078; x_wconf 86' lang='lat' dir='ltr'>intulissent</span> <span class='ocrx_word' id='word_1_334' title='bbox 1719 3041 1758 3077; x_wconf 93' lang='lat' dir='ltr'>S.</span> <span class='ocrx_word' id='word_1_335' title='bbox 1821 3041 1884 3078; x_wconf 88' lang='lat'>31.</span> <span class='ocrx_word' id='word_1_336' title='bbox 1919 3040 2023 3076; x_wconf 87' lang='lat' dir='ltr'>fines</span> 
     </span>
     <span class='ocr_line' id='line_1_46' title="bbox 382 3100 1057 3148; baseline -0.003 -8"><span class='ocrx_word' id='word_1_337' title='bbox 382 3104 474 3140; x_wconf 77' lang='lat' dir='ltr'>(mle</span> <span class='ocrx_word' id='word_1_338' title='bbox 506 3101 700 3140; x_wconf 83' lang='lat' dir='ltr'>transiuit</span> <span class='ocrx_word' id='word_1_339' title='bbox 731 3100 921 3138; x_wconf 71' lang='lat' dir='ltr'>excidisse</span> <span class='ocrx_word' id='word_1_340' title='bbox 948 3102 1057 3148; x_wconf 80' lang='lat' dir='ltr'>puto.</span> 
     </span>
    </p>
   </div>
  </div>
 </body>
</html>
