2150 3584
328 1029 368 1060 10

327 1755 345 1785 2
350 1755 369 1784 0

327 2117 368 2146 25

329 2477 369 2509 30

401 246 478 284 192
739 251 1012 281 SCRIPTORES
1045 250 1270 278 HISTORIAE
1304 248 1478 276 DANICAE
1511 248 1709 277 MINORES

397 368 586 421 receptis
634 366 887 406 luminibus
934 365 1052 405 clare
1098 364 1271 415 videre,
1327 362 1589 403 deformiter
1645 365 1901 403 contractos
1954 376 2037 404 vsu

397 439 631 493 gradiendi
670 442 849 491 recepto
888 436 1079 477 firmiter
1110 436 1360 487 ambulare,
1408 436 1571 476 surdos
1611 434 1769 475 audire
1808 439 1850 476 et
1887 439 2038 475 mutos

396 512 534 566 loqui,
568 515 773 551 mortuos
805 510 991 562 insuper
1022 509 1294 549 resuscitari.
1349 507 1491 548 Cuius
1523 519 1696 559 necem,
1727 511 1821 548 tam
1853 507 2038 559 indigne

396 584 504 625 huic
549 587 706 624 sancto
751 586 792 622 et
830 586 924 622 tam
964 581 1184 621 violenter
1221 581 1409 632 illatam,
1455 581 1602 621 iustus
1645 582 1782 621 iudex
1823 579 2040 620 dominus

396 670 486 697 non
521 660 586 696 est
608 668 771 708 passus
796 654 990 694 inultam
1021 666 1130 693 esse.
1180 653 1299 693 Nam
1332 653 1383 704 is,
1416 653 1493 706 qui
1526 653 1730 693 eiusdem
1765 651 1888 693 necis
1920 652 2040 705 prin-

395 742 500 782 ceps
532 729 615 768 fuit
647 732 687 768 et
719 730 891 779 auctor,
925 726 1049 766 haud
1083 726 1218 777 longo
1251 730 1352 778 post
1382 730 1588 778 tempore
1620 726 1665 765 in
1699 738 1783 765 suo
1816 728 1858 765 et
1889 737 1914 764 a
1945 724 2039 764 suis

397 801 684 849 truculenter,
716 798 905 839 domino
938 798 1001 838 illi
1029 799 1245 839 reddente
1272 798 1504 849 talionem,
1537 797 1798 838 interfectus
1824 800 1901 837 est.
1950 796 2040 847 Qui

393 886 498 915 vero
546 873 685 913 huius
731 871 881 924 operis
929 870 1173 911 consilium
1221 875 1262 911 et
1308 870 1530 910 auxilium
1579 869 1941 920 administrauit,
1993 869 2038 908 in

395 946 577 987 ciuitate
612 945 696 997 Kyl
727 943 948 997 profugus
981 947 1021 983 et
1054 944 1156 984 exul
1191 942 1510 983 miserabiliter
1541 942 1719 983 occisus
1751 942 1892 995 periit.
1950 941 2039 992 Qui

394 1023 546 1059 autem
588 1016 787 1058 scelestis
826 1015 1041 1056 manibus
1083 1029 1178 1056 rem
1226 1015 1411 1068 perfecit
1458 1015 1719 1066 nefandam,
1765 1015 1888 1067 apud
1933 1013 2042 1054 ciui-

394 1094 530 1131 tatem
565 1089 883 1131 Coloniensem
928 1088 974 1128 in
1015 1093 1110 1129 rota
1153 1088 1305 1141 penali
1338 1087 1559 1128 contritus
1591 1099 1759 1140 corpus
1791 1086 2039 1137 montibus,

394 1163 597 1203 animam
631 1166 784 1202 autem
816 1161 945 1214 penis
978 1160 1279 1201 infernalibus
1312 1159 1630 1200 miserabiliter
1659 1158 1914 1199 transmisit
1944 1171 2040 1212 per-

395 1238 531 1288 petuo
565 1234 873 1275 cruciandam.

482 1308 581 1347 Hoc
612 1318 715 1358 ergo
749 1305 955 1359 piissimo
981 1316 1097 1357 rege,
1131 1304 1301 1346 scilicet
1319 1305 1466 1357 Erico,
1500 1317 1605 1345 cum
1630 1304 1757 1345 omni
1786 1303 2039 1345 reuerentia

397 1379 710 1428 memorando,
744 1379 860 1419 sicut
892 1377 1167 1431 prelibatum
1201 1382 1279 1425 est,
1313 1391 1365 1418 ex
1392 1378 1533 1418 seculi
1561 1377 1796 1430 erumpnis
1824 1381 1918 1416 tam
1947 1375 2040 1416 feli-

395 1453 502 1492 citer
548 1453 604 1492 ad
654 1462 787 1503 regna
835 1452 1012 1491 etherea
1060 1450 1294 1501 translato,
1343 1450 1616 1502 subrogatur
1657 1449 1696 1490 ei
1733 1449 1870 1490 frater
1914 1462 2040 1497 suus,

396 1525 533 1564 Abel
566 1524 765 1575 nomine,
813 1524 890 1563 sed
928 1536 975 1563 re
1009 1522 1135 1571 Cain,
1183 1526 1223 1563 et
1263 1523 1308 1562 in
1351 1523 1477 1575 regni
1518 1522 1686 1563 solium
1728 1521 2040 1575 sollempniter

396 1597 673 1637 subleuatur.
737 1595 878 1636 Cuius
919 1608 1055 1648 opera
1103 1599 1323 1647 anteacta,
1370 1608 1474 1636 cum
1516 1594 1732 1635 omnibus
1775 1593 1866 1634 sint
1904 1593 2040 1634 notis—

396 1670 524 1718 sima,
558 1681 897 1721 superuacuum
925 1667 1078 1708 iudico
1104 1681 1345 1721 exponere,
1378 1669 1613 1721 presertim
1640 1680 1745 1708 cum
1770 1668 1902 1719 longe
1926 1667 2038 1707 vltra

396 1742 508 1782 fines
543 1741 670 1781 Datie
703 1740 948 1781 ferocitatis
990 1741 1086 1781 eius
1126 1753 1347 1791 rumores,
1394 1754 1532 1794 quam
1576 1741 1623 1780 in
1662 1740 1847 1780 fratrem
1888 1752 2039 1791 suum,

398 1814 581 1854 Ericum
616 1813 884 1866 predictum,
919 1813 1074 1865 Lagho
1098 1813 1385 1854 Guthmundi
1419 1813 1529 1864 filio,
1562 1826 1587 1853 a
1619 1825 1710 1867 quo
1740 1812 2037 1853 consiliorum

397 1899 585 1926 suorum
611 1898 791 1926 summa
818 1886 1117 1938 dependebat,
1151 1885 1378 1926 mediante
1403 1890 1443 1926 et
1476 1886 1717 1937 instigante
1749 1883 2040 1925 machinatus

397 1962 475 2009 est,
522 1957 822 2010 peruenerint.
887 1958 1048 1998 Fertur
1080 1958 1215 1998 etiam
1248 1958 1379 2010 alius,
1427 1958 1557 1998 cuius
1599 1957 1838 1998 nominare
1869 1968 2039 1997 nomen

398 2031 627 2081 nolumus,
660 2043 716 2070 ne
748 2029 987 2070 videamur
1018 2030 1240 2071 infamare
1274 2043 1516 2083 personam
1546 2030 1674 2080 velle,
1706 2030 1816 2070 huic
1846 2028 2038 2070 consilio

397 2103 595 2155 pessimo
628 2115 674 2142 se
707 2103 823 2155 plus,
856 2115 994 2156 quam
1028 2103 1198 2154 debuit,
1230 2103 1548 2143 immiscuisse.
1608 2103 1697 2153 Qui
1730 2102 1832 2143 licet
1863 2101 2039 2154 adeptis

396 2178 568 2215 tumeat
599 2174 763 2227 opibus
796 2179 837 2214 et
869 2188 981 2216 sano
1015 2175 1161 2227 vigeat
1193 2188 1383 2228 corpore
1416 2180 1457 2216 et
1488 2175 1682 2216 elatione
1714 2178 1887 2215 tumeat
1918 2177 2038 2227 pote-

397 2247 535 2297 statis,
581 2250 733 2287 tamen
775 2260 993 2287 sanorum
1037 2248 1225 2287 credens
1267 2248 1458 2288 consilio
1499 2248 1663 2288 vtiliter
1696 2247 1782 2288 sibi
1814 2251 1856 2287 et
1887 2246 2038 2286 anime

397 2332 475 2358 sue
508 2319 779 2371 prouideret,
828 2333 882 2359 ne
915 2324 1096 2373 tempus
1129 2320 1373 2373 penitentie
1406 2333 1430 2360 a
1463 2321 1548 2360 deo
1581 2320 1667 2360 sibi
1700 2320 1943 2370 indultum,
1991 2331 2037 2358 se

397 2391 512 2430 intra
540 2404 585 2431 se
610 2391 839 2443 colligens,
886 2393 1090 2445 perderet
1121 2396 1161 2432 et
1187 2393 1250 2433 sic
1275 2393 1571 2445 postmodum
1597 2392 1643 2432 in
1676 2405 1842 2432 manus
1874 2391 1958 2442 dei,
1991 2391 2037 2430 in

396 2476 510 2517 quas
529 2464 807 2503 horrendum
828 2468 892 2504 est
910 2464 1122 2512 incidere,
1151 2465 1440 2516 incurrendo,
1463 2465 1585 2518 quod
1605 2465 1784 2516 meruit,
1809 2464 2036 2516 reciperet.

483 2608 505 2641 5
538 2617 619 2652 sqq.
680 2607 975 2653 Significantur
1019 2619 1089 2644 rex
1128 2608 1235 2653 Abel,
1288 2609 1422 2655 Layln'
1462 2608 1715 2644 Guthmundi
1759 2608 1879 2655 filius,
1929 2609 2038 2654 isque

397 2664 561 2706 satellem
611 2664 679 2709 qui
717 2663 879 2699 Ericum
919 2665 1179 2710 decapitauit,·
1226 2666 1336 2701 hunc
1376 2666 1542 2702 militem
1585 2665 1872 2701 Hermamzum
1918 2665 2037 2702 Kerk-

399 2720 551 2755 werdel·
578 2720 701 2765 fuisse
734 2721 852 2767 0111th
881 2724 1039 2766 pulani,
1074 2723 1142 2758 sed
1173 2722 1277 2758 mihi
1306 2723 1465 2768 quidem
1500 2733 1560 2758 res
1592 2722 1714 2758 dubia
1745 2722 1910 2767 videtur,
1944 2733 2035 2758 cum

398 2777 575 2812 Annales
619 2777 945 2823 Hamlmryenses
985 2780 1096 2814 nullo
1144 2780 1262 2815 modo
1305 2780 1449 2815 coedem
1498 2780 1607 2815 Erici
1651 2779 1702 2815 ab
1747 2790 1791 2815 eo
1830 2782 2035 2825 patratam

398 2844 477 2868 (esse
515 2834 661 2869 dicant.
752 2835 814 2870 21.
849 2835 988 2880 Laglio
1027 2837 1186 2882 sc1·ipsi;
1236 2838 1362 2882 Laghi
1397 2837 1435 2873 S.
1525 2837 1588 2873 23.
1621 2837 1745 2872 alius:
1793 2837 1879 2873 sine
1916 2835 2037 2872 dubio

397 2891 515 2925 'l'uko
538 2891 644 2933 Bost,
676 2892 924 2927 camerarius
950 2893 1053 2937 reglis
1080 2892 1187 2938 Abel,
1221 2893 1484 2939 siqnisiealur.
1550 2894 1611 2929 26.
1638 2896 1795 2929 tumeat
1819 2894 1971 2940 opibus
1990 2893 2037 2936 ὃς

397 2948 465 2982 sed
497 2948 638 2983 malitn
674 2949 817 2983 lloreat
851 2949 910 2983 vel
940 2949 1167 2995 splendeat.
1231 2951 1292 2986 29.
1326 2951 1525 2997 colligens
1545 2951 1584 2990 S,
1616 2951 1683 2986 sed
1705 2951 1839 2996 potins
1865 2949 2036 2986 scriben-

398 3005 493 3038 dum
528 3007 611 3039 erat
644 3016 725 3039 non
760 3005 970 3050 colligens,
1018 3007 1096 3042 nisi
1131 3007 1235 3052 forle
1272 3007 1357 3043 lloec
1388 3007 1506 3043 verba
1547 3019 1589 3043 se
1621 3008 1729 3043 intra
1762 3018 1805 3043 se
1837 3007 2035 3052 colligens

397 3061 581 3105 superins
604 3063 694 3106 post
719 3062 960 3107 prouiderct
988 3065 1291 3108 transponenda
1319 3067 1423 3100 sunt.
1502 3065 1676 3111 perdere
1702 3064 1741 3107 S,
1772 3075 1872 3099 (·01·1·.
1901 3063 2033 3100 Waitz.

400 3118 563 3153 ’λθ-480.
599 3117 890 3162 Heb1·.1()‚31.·
924 3120 1179 3155 horrendum
1208 3124 1268 3156 est
1293 3121 1475 3157 incidere
1501 3122 1540 3157 in
1571 3132 1717 3157 manus
1750 3121 1814 3156 dei
1847 3121 2033 3157 viuentis.

400 3176 461 3208 30.
495 3176 604 3219 quod
643 3176 803 3214 meruit,
837 3175 1091 3212 incurrendo
1125 3177 1163 3216 S,
1196 3179 1362 3213 correoei.
