2150 3584
296 992 338 1023 10

298 1357 339 1387 15

295 1722 340 1753 20

294 2086 336 2117 25

366 209 448 250 416
708 220 984 249 SCRIPTORES
1017 220 1244 249 HISTORIAE
1275 220 1452 248 DANICAE
1484 220 1683 249 MINORES

367 338 523 387 postea
571 334 786 386 cessauit,
841 335 919 374 sed
966 334 1111 375 eciam
1157 334 1265 375 vrbs
1311 333 1624 375 mercimoniis
1670 334 1909 388 splendida
1956 335 2013 374 ad

368 406 588 447 miserum
629 406 821 460 opidum
863 410 930 447 est
967 408 1161 447 redacta.
1226 407 1291 446 Ea
1331 410 1598 460 tempestate
1632 407 1839 447 Kanutus
1870 406 2017 446 iuerat

366 479 412 519 in
432 478 668 530 SWeciam,
693 479 1019 520 Waldemarus
1048 492 1155 519 vero
1182 479 1230 519 in
1249 478 1478 520 Sialendia
1503 479 1790 529 morabatur;
1822 478 2016 519 audiens

365 555 533 603 autem,
583 551 786 592 Saxones
818 551 1001 592 Juciam
1042 551 1250 603 intrasse,
1282 551 1528 603 festinauit,
1575 551 1865 605 collectisque
1896 551 2016 592 Jutis

366 627 525 664 contra
544 624 821 664 Teutonicos
847 623 1134 677 properauit,
1167 624 1291 676 quod
1316 623 1380 663 illi
1409 623 1646 664 audientes
1677 627 1772 664 tam
1804 623 2017 664 velociter

365 696 591 748 fugerunt,
617 701 663 737 vt
687 696 834 736 tribus
859 696 1023 737 diebus
1053 695 1172 736 viam
1198 696 1481 749 perficerent,
1511 709 1650 749 quam
1676 709 1755 737 sex
1779 696 2015 737 mensibus

364 768 587 809 triuerant
617 768 856 810 veniendo.

450 841 570 881 XIII.
648 841 824 882 Accidit
870 855 922 882 eo
969 845 1197 895 tempore,
1243 845 1289 881 vt
1330 841 1536 894 Swerko,
1582 854 1660 881 rex
1706 841 1890 894 SWecie,
1924 854 2016 894 „per

365 913 605 967 proprium
653 913 989 954 cubicularium
1038 918 1171 955 nocte
1218 914 1452 955 dormiens
1499 914 1793 955 occideretur.
1879 914 2014 965 Quod

365 987 477 1027 deus
524 986 676 1027 statim
726 986 999 1036 vindicauit,
1061 1000 1170 1027 nam
1225 999 1370 1040 paruo
1427 990 1530 1040 post
1575 990 1780 1039 tempore
1825 986 2013 1041 quidam

366 1059 573 1111 Magnus,
620 1059 699 1112 qui
740 1059 799 1099 ob
839 1058 1149 1099 ambicionem
1189 1059 1409 1112 regnandi
1450 1058 1786 1099 cubicularium
1828 1059 1885 1099 ad
1926 1059 2017 1100 hoc

364 1131 619 1183 induxerat,
667 1132 777 1172 dum
825 1135 984 1173 contra
1032 1132 1269 1184 Karolum,
1316 1131 1464 1172 filium
1510 1131 1784 1184 Swerkonis,
1832 1135 2016 1185 propter

364 1215 554 1256 regnum
597 1204 798 1257 bellaret,
845 1208 912 1245 est
950 1203 1142 1245 occisus.
1206 1205 1272 1245 Eo
1315 1204 1458 1245 eciam
1501 1208 1705 1257 tempore
1738 1203 1863 1245 Slaui
1901 1204 2015 1244 adeo

369 1277 589 1317 Feoniam
624 1281 934 1329 vastauerunt,
974 1281 1034 1329 vt,
1075 1277 1113 1317 si
1145 1277 1234 1318 alia
1265 1277 1361 1318 vice
1393 1281 1573 1317 tantum
1605 1276 1830 1329 fecissent,
1862 1277 2016 1317 nullus

365 1348 428 1389 ibi
454 1350 600 1390 cultor
624 1349 880 1390 mansisset.
929 1350 1092 1391 Sweno
1117 1335 1275 1404 (vero),
1307 1350 1471 1390 iterum
1500 1349 1557 1389 ab
1578 1349 1766 1390 Hinrico
1792 1349 2015 1390 auxilium

367 1425 618 1473 mutuatus,
665 1421 789 1463 venit
827 1422 875 1462 in
908 1422 1098 1474 Othens,
1145 1426 1458 1475 veneruntque
1500 1423 1558 1462 ad
1591 1435 1696 1462 eum
1729 1435 1811 1475 pro
1843 1421 2015 1463 auxilio

366 1507 527 1535 omnes
566 1494 715 1535 incole
747 1495 869 1535 illius
900 1499 1029 1535 terre.
1093 1495 1178 1536 Sed
1215 1496 1423 1535 Kanutus
1456 1499 1496 1535 et
1528 1495 1865 1547 Waldemarus,
1910 1507 2014 1535 cum

366 1578 534 1619 magno
596 1567 794 1608 exercitu
848 1568 1152 1621 applicantes,
1214 1567 1323 1617 cito¹
1357 1567 1632 1620 paucitatem
1688 1566 2015 1608 Feoniensium

365 1640 708 1692 destruxissent,
744 1640 832 1680 nisi
864 1641 1190 1682 Waldemarus
1223 1640 1287 1681 eis
1319 1644 1504 1694 propter
1536 1640 1735 1693 priorem
1771 1639 2015 1680 Slauorum

367 1712 591 1753 insultum
623 1713 837 1753 misertus
869 1713 1040 1754 fuisset.
1105 1714 1222 1754 Nam
1261 1726 1313 1753 eo
1346 1717 1496 1753 actore
1529 1713 1701 1754 bellum
1733 1725 1917 1753 versum
1951 1716 2016 1752 est

364 1786 409 1826 in
443 1785 741 1840 colloquium,
775 1786 1133 1840 condictumque
1167 1789 1244 1838 est,
1276 1789 1324 1827 vt
1356 1786 1518 1827 Sweno
1551 1798 1657 1826 cum
1689 1785 1849 1838 paucis
1881 1785 2015 1826 clien-

362 1858 485 1899 tibus
518 1858 565 1898 in
597 1859 870 1899 Lalandiam
902 1859 987 1900 iret
1017 1859 1173 1913 ibique
1206 1862 1499 1912 exspectaret,
1541 1859 1689 1899 donec
1723 1858 1932 1898 Kanutus
1973 1861 2016 1898 et

363 1932 687 1972 Waldemarus
734 1931 966 1973 venientes
1014 1932 1195 1985 plenius
1244 1944 1350 1972 cum
1399 1944 1450 1971 eo
1497 1931 1552 1971 de
1600 1943 1711 1984 pace
1757 1933 2013 1971 tractarent.

365 2004 580 2058 Sequenti
621 2004 693 2045 die
734 2004 896 2046 Sweno
937 2004 1104 2058 recepit
1143 2004 1492 2045 Waldemarum
1540 2004 1597 2043 ad
1644 2003 1926 2056 colloquium
1967 2002 2014 2042 in

365 2076 556 2117 ecclesia
603 2077 749 2118 sancti
794 2077 979 2125 Albani,
1026 2076 1210 2117 nemine
1256 2080 1484 2130 presente,
1537 2080 1724 2129 excepto
1769 2075 2014 2127 Absolone,

364 2162 507 2191 coeuo
548 2163 602 2190 ac
640 2150 923 2191 collactaneo
963 2149 1262 2201 waldemari,
1309 2149 1557 2203 multisque
1598 2147 1748 2189 modis
1785 2147 2015 2189 nitebatur

364 2236 468 2264 eum
517 2226 722 2263 auertere
769 2236 794 2263 a
840 2224 1044 2272 Kanut03
1092 2223 1171 2263 sed
1218 2223 1542 2264 Waldemarus
1588 2220 1843 2274 respondit,
1890 2221 2011 2274 quod

363 2296 529 2336 frustra
563 2308 644 2348 pro
677 2296 766 2336 hoc
797 2296 1038 2345 laboraret,
1086 2295 1242 2336 dicens
1288 2308 1334 2336 se
1366 2295 1510 2335 multa
1543 2306 1625 2347 pro
1657 2293 1757 2346 ipso
1791 2292 2013 2334 Swenone

454 2399 485 2433 1.
520 2397 814 2433 mercemoniis
839 2397 878 2434 11.
907 2398 930 2433 l.
957 2399 1008 2442 A,
1042 2408 1119 2434 om.
1146 2397 1185 2434 S.
1247 2397 1356 2432 2-7.
1387 2397 1444 2432 Ea
1470 2397 1715 2442 tempestate
1735 2424 1741 2430 .
1761 2425 1767 2433 .
1787 2395 2012 2431 veniendo:

364 2466 452 2502 quoe
485 2454 548 2490 his
580 2455 835 2501 respondent,
868 2455 977 2491 Saxo
1005 2457 1099 2501 post
1128 2465 1173 2490 ea
1205 2453 1336 2499 habet,
1371 2464 1460 2499 ‹111oe
1491 2453 1733 2499 epitomator
1763 2463 1794 2488 υ.
1821 2451 1945 2488 8-13
1971 2453 2013 2488 ἰη

364 2512 525 2549 breuius
571 2513 778 2549 contracta
823 2512 1026 2557 narrauit,
1072 2523 1222 2558 parum
1272 2514 1372 2547 recte
1418 2512 1573 2546 mutato
1619 2509 1772 2554 ordine,
1821 2519 1912 2545 cum
1958 2509 2015 2545 sic

361 2580 512 2616 parum
546 2571 756 2616 appareat,
800 2580 924 2616 quam
956 2580 1125 2605 causam
1158 2569 1199 2604 in
1232 2568 1425 2605 Sweciam
1459 2568 1582 2603 eundi
1612 2567 1797 2603 Kanutus
1829 2565 2016 2602 habueri!

363 2627 589 2671 (»solandae
622 2627 767 2662 matris
798 2627 965 2674 gratia«,
1013 2629 1056 2662 ut
1084 2626 1181 2662 dicit
1209 2626 1345 2670 Saxo).
1425 2625 1535 2661 2-3.
1567 2625 1702 2660 iuerat
1734 2619 1932 2669 Sueciad)
1962 2625 2013 2668 A;

364 2688 452 2720 erat
476 2684 516 2720 in
546 2684 701 2720 Swecia
725 2684 763 2720 S.
826 2685 861 2721 6.
894 2684 1162 2730 perfecerunt
1179 2683 1222 2720 A.
1287 2684 1321 2720 7.
1356 2683 1668 2727 intrauerant(!)
1692 2681 1730 2716 S.
1794 2681 1829 2716 8.
1854 2681 2013 2716 Accidit

363 2745 501 2778 autem
535 2741 609 2777 AS.
698 2742 759 2778 10.
795 2741 933 2777 statim
967 2741 1070 2776 deus
1105 2741 1149 2776 D.
1240 2751 1374 2787 paruo
1408 2743 1502 2786 post
1533 2743 1723 2786 tempore
1756 2739 1826 2773 DV
1859 2738 2013 2783 (Sax0);

363 2810 544 2846 paruum
572 2810 608 2845 p.
636 2801 801 2845 tempus
820 2799 870 2844 A3
903 2801 998 2845 post
1022 2809 1060 2844 p.
1088 2801 1254 2844 tempus
1273 2797 1311 2834 S.
1379 2798 1439 2833 11.
1470 2797 1543 2843 qui
1568 2808 1645 2833 om.
1664 2796 1703 2832 S.
1771 2796 1830 2831 12.
1864 2797 2010 2831 contra

362 2858 455 2901 (pro
482 2858 671 2903 propter)
695 2857 739 2891 A.
804 2856 864 2892 13.
897 2858 1104 2902 pugnaret
1130 2856 1173 2891 D.
1250 2855 1380 2891 eciam
1415 2865 1493 2891 om.
1527 2854 1571 2889 D.
1636 2854 1696 2889 14.
1730 2855 1950 2888 uastarunt
1966 2853 2011 2888 V.

369 2914 429 2949 15.
464 2924 563 2950 vero
596 2913 738 2948 addidi
767 2914 831 2957 (At
863 2913 998 2949 Sveno
1030 2913 1163 2957 Saxo).
1237 2913 1297 2948 16.
1332 2912 1372 2947 in
1407 2911 1623 2947 othoniam
1658 2911 1696 2947 S.
1762 2910 1822 2945 18.
1856 2910 2010 2945 sionen-

364 2971 472 3006 sium
506 2971 560 3015 V3
594 2970 854 3006 feonensium
891 2971 942 3013 D3
976 2970 1284 3016 pheonencIum
1318 2970 1362 3005 A.
1427 2969 1492 3004 20.
1524 2971 1676 3013 actore,
1710 2967 1732 3002 i.
1766 2977 1795 3003 e.
1828 2969 2009 3002 auctore.

365 3029 428 3064 22.
461 3030 698 3073 expectaret
730 3027 805 3063 VS.
897 3027 1063 3063 22—23.
1103 3026 1384 3063 waldemarus
1416 3029 1454 3062 et
1489 3026 1587 3061 Kan.
1622 3025 1661 3061 S.
1755 3024 1818 3059 24.
1861 3023 2009 3059 Sweno

365 3096 447 3131 seq.
481 3084 546 3120 die
580 3084 618 3121 S.
682 3084 744 3121 26.
777 3088 815 3121 et
848 3084 1106 3120 collactaneo
1140 3085 1183 3120 A.
