2150 3584
561 210 857 239 coMPENDWM
891 210 1088 239 SAxoms.
1139 211 1221 239 Lm.
1255 212 1281 239 v
1659 201 1733 240 281

93 339 194 367 rum
235 325 474 372 concessit,
514 324 574 365 ita
608 328 774 370 tamen,
814 327 873 375 vt,
915 324 1024 363 dum
1070 324 1243 377 priores
1282 326 1419 378 pedes
1458 326 1562 380 equi
1602 325 1738 366 aliam

95 398 243 452 ripam
277 397 564 449 attingerent,
597 396 927 450 posterioribus
954 396 1147 449 pedibus
1171 397 1325 438 adhuc
1348 397 1392 437 in
1418 411 1536 452 aqua
1557 411 1740 439 manen-

94 470 229 521 tibus,
262 469 467 510 insidens
499 469 815 518 descenderet;
847 468 1066 521 alioquin,
1100 468 1135 507 si
1169 469 1281 509 vltra
1316 482 1419 510 cum
1448 484 1566 524 equo
1591 483 1739 524 proce-

92 544 238 595 deret,
289 541 451 595 capitis
491 554 595 582 reus
634 544 761 581 esset.
840 540 1003 580 Nullus
1048 540 1192 581 eciam
1225 542 1415 582 domum
1450 543 1517 582 vel
1551 543 1737 583 archam

92 619 260 657 seraret
305 614 375 655 vel
415 627 511 654 rem
552 613 753 668 aliquam
797 613 883 653 sub
923 613 1135 653 clausura
1176 618 1383 666 poneret,
1431 615 1614 668 triplum
1659 628 1740 668 pro

91 687 275 728 amissis
307 700 332 727 a
365 697 467 738 rege
499 690 777 739 recepturus.
840 684 1043 736 Quilibet
1075 685 1220 726 eciam
1255 699 1336 738 pro
1372 687 1441 727 via
1475 691 1651 727 tantum
1685 689 1740 727 de

91 760 193 801 cibo
226 759 378 800 alieno
411 772 592 800 sumere
624 762 813 811 poterat,
848 761 1071 812 quantum
1107 758 1336 799 sufficeret
1368 759 1442 799 vni
1476 772 1605 808 cene;
1639 760 1741 812 plus

93 832 317 885 recipiens
350 831 457 872 furti
488 844 592 871 reus
626 835 732 871 erat.
791 830 922 871 Furis
955 830 997 870 in
1031 830 1281 884 suspendio
1314 831 1546 872 iudicabat
1579 832 1738 885 lupum

94 904 179 945 sibi
212 905 268 944 ad
303 904 421 944 latus
453 903 605 956 iungi;
638 904 848 944 conscios
881 903 987 943 furti
1020 904 1180 944 eodem
1215 904 1354 945 modo
1386 904 1670 957 danipnauit.

177 977 337 1017 XVIII.
401 977 510 1018 Post
549 977 634 1017 hec
674 980 847 1029 septem
890 975 1024 1016 annis
1057 975 1436 1016 iocundissimam
1472 989 1631 1029 pacem
1666 977 1740 1017 ha-

91 1049 189 1091 buit
229 1049 474 1103 genuitque
514 1049 662 1089 filium
695 1049 919 1089 Aluonem
953 1061 1008 1088 ac
1040 1047 1182 1088 filiam
1216 1048 1440 1090 Offuram.
1521 1049 1619 1089 Hiis
1651 1049 1740 1089 die—

91 1123 175 1163 bus
194 1121 420 1174 Arngrim,
447 1121 572 1175 pugil
598 1122 654 1161 de
673 1120 859 1173 Swecia,
886 1120 1019 1162 Skalc
1038 1120 1282 1161 Scanicum
1304 1121 1348 1162 in
1376 1121 1528 1162 duello
1553 1121 1739 1172 occidit3

91 1208 144 1237 ex
175 1207 266 1248 quo
300 1195 418 1235 facto
452 1195 596 1235 elatus
630 1194 771 1234 filiam
793 1193 1040 1234 Frothonis
1074 1194 1324 1246 postulauit
1356 1207 1555 1235 vxorem.
1606 1194 1739 1235 Cum-

90 1280 178 1323 que
209 1280 287 1308 rex
319 1280 412 1308 non
446 1270 679 1319 annueret,
714 1266 849 1318 Erici,
891 1265 1008 1318 regis
1042 1265 1225 1318 Swecie,
1266 1266 1524 1307 subsidium
1558 1266 1738 1320 petiuit;

90 1340 169 1395 qui
200 1339 484 1391 hortabatur,
532 1343 579 1380 vt
617 1339 772 1394 aliquo
813 1339 1018 1392 preclaro
1058 1338 1220 1380 merito
1252 1339 1458 1380 fauorem
1494 1339 1739 1380 Frothonis

90 1412 366 1466 impetraret,
399 1411 737 1466 consuluitque,
764 1415 810 1452 vt
833 1415 991 1452 contra
1016 1422 1142 1462 reges
1163 1410 1359 1451 Biarmie
1387 1415 1429 1452 et
1447 1411 1739 1453 Finmarchie

92 1489 333 1538 pugnaret,
381 1484 489 1538 quia
535 1484 596 1538 hij
647 1484 731 1525 soli
777 1484 1000 1524 Frothoni
1047 1483 1254 1524 resistere
1302 1483 1576 1525 nitebantur.
1649 1485 1737 1535 Qui

92 1557 243 1598 statim
288 1570 366 1598 eos
406 1568 645 1610 aggressus
685 1556 901 1597 contriuit
940 1560 1075 1610 atque
1116 1568 1220 1596 cum
1261 1556 1419 1609 spoliis
1460 1560 1502 1597 et
1537 1557 1739 1598 victoriis

91 1630 147 1670 ad
181 1629 368 1671 Ericum
401 1634 468 1670 est
499 1643 724 1671 reuersus.
787 1629 950 1669 Ericus
981 1628 1118 1680 igitur
1149 1640 1255 1669 cum
1288 1642 1341 1669 eo
1373 1629 1430 1669 ad
1456 1630 1737 1671 Frothonem

90 1703 186 1755 iuit,
218 1703 375 1744 dicens
407 1716 513 1743 eum
546 1702 737 1755 dignum
770 1701 867 1742 eius
899 1700 1016 1753 filia,
1050 1701 1123 1741 cui
1156 1704 1354 1741 extrema
1387 1713 1524 1754 regna
1557 1706 1739 1744 strenue

89 1775 368 1816 subiecisset.
444 1776 615 1816 Frotho
647 1774 783 1827 igitur
814 1773 938 1814 dedit
970 1773 1008 1814 ei
1042 1773 1268 1825 Offuram.
1314 1773 1458 1814 filiam
1492 1788 1639 1827 suam,
1686 1788 1738 1816 ex

90 1861 178 1902 qua
203 1847 415 1900 Arngrim
449 1860 535 1888 ,xl1.
569 1847 690 1888 filios
721 1846 967 1899 generauit.
1017 1845 1106 1897 Qui
1140 1859 1300 1887 omnes
1331 1847 1390 1887 ab
1422 1847 1738 1888 adolescencia

91 1919 276 1973 piratice
322 1920 410 1961 vite
451 1919 710 1961 insistentes
753 1923 977 1960 venerunt
1019 1918 1157 1959 simul
1188 1918 1235 1958 in
1269 1918 1454 1968 Saniso;
1500 1919 1576 1960 vbi
1623 1920 1738 1961 duas

91 2005 232 2033 naues
265 1992 486 2033 Hialmeri
519 1996 560 2032 et
591 1991 850 2033 Aruaroddi
883 1991 1135 2044 piratarum
1175 1991 1465 2043 inuenerunt,
1512 2006 1626 2045 quas
1667 2005 1738 2046 ag-

90 2065 229 2116 gressi
261 2078 422 2106 omnes
453 2065 648 2118 remiges
680 2064 960 2105 occiderunt.
1038 2065 1180 2105 Porro
1225 2064 1317 2104 duo
1350 2064 1538 2117 predicti
1572 2065 1738 2117 princi·

181 2159 286 2195 1-2.
319 2159 453 2206 ripam
487 2159 611 2195 aliam
638 2159 715 2195 As.
780 2159 815 2195 2.
849 2160 1068 2205 attigerent
1091 2158 1131 2194 S.
1195 2159 1230 2194 5.
1263 2161 1421 2194 seraret
1441 2189 1445 2194 .
1466 2189 1471 2194 .
1491 2163 1665 2205 poneret
1692 2160 1738 2201 S;

90 2227 460 2263 serare..ponere
479 2217 599 2253 DVA.
663 2217 698 2252 6.
716 2217 847 2252 eciam
866 2226 943 2252 om.
962 2216 1039 2252 AS.
1094 2217 1127 2251 8.
1147 2213 1394 2264 furtimusm)
1410 2219 1498 2251 erat.
1516 2215 1554 2252 S.
1617 2217 1737 2253 Furis

92 2274 133 2309 in
180 2273 410 2320 suspendio
455 2273 619 2320 scripsi3
676 2273 758 2309 furi
805 2274 1035 2320 suspendio
1084 2273 1209 2315 DVA;
1269 2272 1375 2308 furis
1421 2274 1651 2319 suspendio
1698 2274 1736 2310 S.

91 2331 358 2367 indicabatur
397 2331 436 2368 S.
526 2330 652 2378 lupus
691 2331 766 2367 AS.
858 2331 892 2366 9.
936 2331 1131 2366 conscius
1172 2330 1248 2366 As.
1340 2329 1658 2379 dapnabatur(!)
1699 2331 1737 2367 S.

97 2389 154 2424 11.
187 2388 395 2429 alnonem,
429 2391 471 2424 ut
502 2388 592 2431 vid„
621 2389 665 2424 D.
738 2391 776 2424 et
798 2387 874 2424 AS.
945 2388 1035 2423 Hiis
1067 2387 1216 2423 diebus
1249 2388 1398 2423 mirum
1432 2398 1531 2423 sane
1563 2388 1737 2429 videtur,-

92 2445 282 2481 lacunam
316 2445 381 2481 hic
407 2446 446 2481 in
470 2445 645 2481 Saxonis
676 2445 878 2481 codicibus
909 2444 1034 2490 fuisse
1063 2444 1193 2483 credo.
1227 2455 1350 2490 quam
1385 2445 1466 2480 lam
1499 2445 1741 2490 epitomate]-

93 2503 256 2538 inuenil.
349 2503 410 2539 12.
460 2502 565 2538 scalk
611 2503 662 2544 Α;
719 2503 829 2538 skalk
877 2501 916 2537 S.
1010 2501 1071 2537 13.
1122 2502 1351 2547 postolauit
1398 2501 1445 2541 S,
1494 2504 1536 2537 11!
1580 2503 1736 2548 soepius.

98 2560 260 2596 1-3—14.
294 2560 398 2596 Cum
425 2570 497 2596 rex
514 2560 590 2596 As.
656 2561 716 2595 14.
750 2562 958 2595 annuerat
974 2559 1019 2594 V.
1083 2560 1144 2594 15.
1173 2559 1391 2595 ortabatur
1409 2559 1453 2594 V.
1520 2559 1579 2594 16.
1611 2560 1738 2606 impe-

93 2616 218 2653 trauit
256 2617 301 2652 V.
395 2618 456 2653 17.
497 2626 684 2664 pugnare
724 2617 768 2653 V.
859 2616 1054 2653 resistere
1096 2626 1175 2652 om.
1216 2616 1260 2652 V.
1356 2617 1415 2652 18.
1464 2625 1658 2662 ogressus
1699 2618 1738 2652 S.

91 2674 315 2710 conteriuit
347 2676 379 2710 Α
419 2674 611 2722 (obtriuit
651 2671 783 2721 Samo).
876 2674 937 2709 20.
972 2676 1172 2709 strennue
1205 2673 1296 2718 DV,
1342 2673 1421 2709 sibi
1462 2676 1630 2709 strenue
1662 2674 1737 2710 AS.

80 2730 157 2767 .21.
191 2731 420 2767 subiecisse
453 2732 494 2769 S.
572 2731 608 2767 ei
640 2742 717 2767 om.
751 2731 789 2767 S.
860 2731 1029 2766 21-22.
1063 2740 1157 2765 curn
1192 2741 1274 2776 qua
1307 2730 1383 2766 As.
1448 2730 1511 2768 22.
1545 2731 1737 2777 Arngrim

93 2798 170 2823 om.
204 2789 279 2824 As.
370 2789 433 2824 23.
466 2789 708 2824 assistentes
740 2788 816 2824 AS.
906 2787 1031 2823 simul
1070 2787 1097 2822 S
1138 2790 1184 2827 et.
1234 2789 1277 2823 ut
1313 2787 1401 2833 vid.5
1452 2788 1484 2822 D
1530 2785 1597 2835 (Γί)
1640 2787 1738 2836 (vno

41 2869 47 2873 -
93 2855 237 2881 omnes
276 2846 444 2892 nauigio
490 2843 630 2893 Saxo),
676 2845 804 2881 semel
837 2845 917 2880 VA.
1011 2845 1162 2881 samson
1193 2844 1276 2888 AS3
1325 2846 1485 2890 sampso
1519 2844 1552 2879 D
1591 2843 1739 2894 (Saxo).

94 2901 156 2938 24.
189 2902 394 2949 hyalmeri
419 2904 471 2948 A3
503 2902 648 2938 almeri
675 2903 714 2938 S.
789 2901 1020 2937 aruoroddi
1045 2901 1098 2942 V;
1131 2901 1359 2937 arnoroddi
1395 2901 1447 2940 D;
1480 2902 1645 2937 arnoldi
1674 2902 1738 2938 As

92 2957 198 3006 (item
228 2959 312 3004 fere
344 2959 453 3006 infru
485 2958 622 3007 codd).
699 2960 932 3006 piratorum
962 2958 1008 2997 V.
1085 2959 1351 2994 intrauerunt
1383 2958 1435 3000 D;
1467 2959 1664 2995 inverunt
1691 2959 1736 2995 V.

93 3015 258 3052 24—25.
299 3016 474 3063 ingressi
522 3028 558 3052 0.
600 3017 830 3063 armigeros
869 3015 945 3051 AS.
1041 3015 1103 3051 25.
1146 3016 1385 3051 occiderent
1425 3016 1469 3051 D.
1559 3016 1736 3063 predicti

94 3081 170 3109 om.
203 3073 317 3111 DAS.

1769 984 1809 1014 10

1769 1348 1808 1378 15

1765 1711 1808 1742 20

1764 2074 1806 2105 25
