2150 3584
332 1006 372 1035 10

334 1367 373 1398 15

334 1731 376 1762 20

336 2095 378 2125 25

395 222 476 261 258
735 229 1009 259 semei-ones
1044 228 1271 257 HISTORIAE
1303 228 1479 257 DANICAE
1511 227 1711 257 MiNOREs

396 348 623 398 Querente
640 345 943 395 Wermundo,
975 343 1078 398 quis
1111 343 1175 383 sic
1206 343 1386 383 locutus
1417 342 1588 394 fuisset,
1622 341 1817 382 ministri
1835 341 2044 382 foonem

397 419 621 459 dicebant.
685 418 788 468 Quo
820 416 1124 470 respondente
1157 414 1266 455 satis
1298 427 1409 465 esse,
1451 415 1575 468 quod
1616 415 1673 455 ab
1706 413 1944 466 extraneis,
1990 427 2047 454 ne

397 492 540 532 eciam
581 504 604 530 a
649 490 757 542 suis,
804 489 1099 540 derideretur,
1147 487 1327 540 illisque
1374 486 1663 540 pertinaciter
1709 486 2047 527 affirmantibus

398 564 605 603 foonem
640 575 750 614 esse,
797 561 1046 615 respondit,
1087 560 1226 614 quod,
1273 558 1538 613 quicunque
1570 563 1700 612 esset,
1741 563 1925 612 propter
1955 559 2048 599 ani-

400 649 576 676 mosam
630 635 726 676 eius
781 633 999 674 fiduciam
1058 631 1281 672 libencius
1338 631 1425 671 sibi
1481 644 1619 686 quam
1679 631 1879 685 superbo
1927 631 2046 672 hosti

398 719 586 760 regnum
634 707 902 759 resignaret;
950 705 1186 759 iussitque,
1233 707 1279 745 vt
1325 704 1381 744 ad
1427 717 1473 744 se
1514 703 1760 755 accederet,
1809 703 1846 744 si
1887 704 2046 745 saltem

398 785 519 820 tactu
562 779 707 820 filium
749 778 987 819 dinoscere
1033 780 1197 831 posset.
1262 776 1642 830 Contrectatoque
1688 788 1892 830 corpore,
1941 789 2046 817 cum

400 853 546 893 filium
579 866 633 892 ex
658 851 911 904 granditate
944 850 1261 890 membrorum
1295 860 1565 901 cognoscere
1598 848 1804 901 cepisset,
1837 848 2048 902 quesiuit,

399 939 480 965 cur
511 929 636 966 tanto
668 928 872 977 tempore
905 922 1036 976 quasi
1070 926 1226 963 mutus
1258 921 1493 972 tacuisset;
1534 921 1613 975 qui
1646 921 1892 974 respondit,
1925 922 2048 975 quod

400 998 525 1051 prius
566 997 732 1037 frustra
773 997 1047 1049 loqueretur,
1094 1007 1234 1049 quam
1275 994 1353 1035 diu
1394 997 1582 1048 paterna
1615 993 1879 1034 defensione
1925 996 2050 1034 tutus

400 1074 505 1111 erat.
569 1070 739 1110 Iterum
771 1069 1088 1119 interrogatus,
1128 1079 1209 1107 cur
1241 1070 1398 1107 contra
1431 1079 1478 1107 se
1510 1067 1627 1106 duos
1661 1066 1854 1107 voluerit
1886 1078 2051 1119 prouo-

400 1156 515 1191 care,
561 1142 811 1195 respondit,
858 1141 980 1194 quod
1029 1140 1117 1180 hoc
1162 1139 1266 1179 fecit
1314 1143 1497 1193 propter
1542 1139 1660 1191 regis
1702 1138 1830 1179 Atisli
1876 1150 2049 1190 necem,

400 1228 537 1269 quem
569 1216 661 1255 duo
694 1213 814 1254 Dani
846 1217 1004 1253 contra
1044 1213 1187 1264 legem
1225 1211 1365 1252 duelli
1398 1224 1491 1252 non
1525 1211 1621 1252 sine
1653 1210 1902 1265 obprobrio
1935 1210 2050 1252 occi-

400 1288 576 1328 derunt.
640 1285 957 1327 Laudantibus
1002 1284 1178 1325 cunctis
1218 1284 1315 1325 eius
1357 1284 1600 1337 motiuum,
1647 1283 1780 1324 iussit
1819 1287 1960 1337 pater,
2006 1287 2051 1324 vt

401 1360 674 1414 predisceret
736 1372 869 1400 vsum
923 1370 1182 1410 armorum,
1244 1357 1413 1410 quibus
1474 1369 1638 1410 parum
1699 1356 1853 1397 adhuc
1905 1356 2052 1397 fuerat

401 1436 622 1473 assuetus.
688 1432 809 1472 Dum
847 1431 983 1483 igitur
1020 1443 1125 1471 eum
1168 1433 1412 1481 armarent,
1459 1433 1644 1483 propter
1686 1428 2050 1481 magnitudinem

403 1505 596 1559 pectoris
638 1504 735 1545 eius
775 1504 917 1544 lorica
959 1503 1161 1543 anterius
1193 1502 1506 1556 rumpebatur,
1553 1514 1636 1542 nec
1667 1501 1820 1555 aliqua
1853 1500 2054 1541 inuenie-

404 1579 549 1631 batur,
582 1590 670 1631 que
703 1580 969 1629 congrueret
1001 1576 1098 1616 eius
1130 1574 1392 1627 granditati3
1425 1575 1482 1615 ad
1515 1574 1742 1626 Vltimum,
1774 1586 1880 1614 cum
1910 1577 2052 1626 pater-

404 1663 511 1691 nam
553 1650 742 1690 loricam
784 1649 1004 1701 indueret,
1052 1660 1135 1689 nec
1173 1661 1274 1688 eam
1322 1647 1467 1688 eciam
1516 1647 1623 1687 satis
1670 1646 1810 1687 latam
1852 1646 2052 1698 haberet,

402 1722 532 1763 iussit
565 1735 666 1763 eam
699 1726 826 1775 pater
858 1735 937 1775 per
969 1721 1205 1762 sinistrum
1239 1721 1357 1761 latus
1387 1719 1534 1761 scindi
1560 1719 1807 1773 fibulisque
1831 1717 2053 1770 resarciri,

404 1795 551 1836 sciens
605 1795 717 1835 illud
774 1794 893 1834 latus
941 1794 1048 1835 satis
1095 1806 1174 1847 per
1220 1793 1419 1847 clipeum
1467 1792 1650 1833 muniri.
1743 1791 1952 1845 Cumque
1997 1791 2052 1831 de

403 1867 613 1920 plurimis
645 1866 807 1919 gladiis
839 1866 925 1907 sibi
958 1866 1123 1907 oblatis
1156 1866 1317 1918 eligere
1346 1866 1531 1906 deberet
1555 1865 1807 1917 meliorem,
1839 1877 1932 1905 non
1959 1867 2053 1904 erat

403 1940 568 1994 aliquis
609 1953 661 1980 ex
702 1940 780 1990 eis,
827 1952 963 1994 quem
1012 1952 1105 1980 non
1152 1939 1301 1992 prima
1347 1938 1601 1990 agitacione
1643 1938 1690 1978 in
1737 1937 1866 1991 plura
1909 1936 2052 1977 frusta

403 2016 675 2053 concuteret.
738 2011 955 2063 Quesitus
986 2024 1076 2064 reX‚
1117 2011 1154 2051 si
1187 2011 1376 2052 haberet
1406 2010 1609 2063 gladium
1642 2014 1764 2050 tante
1797 2008 2052 2050 fortitudini

405 2088 746 2137 congruentem,
793 2084 1028 2138 respondit
1059 2097 1106 2125 se
1138 2084 1319 2133 habere,
1365 2084 1442 2124 sed
1477 2083 1562 2124 sub
1595 2087 1712 2123 terra
1745 2082 1946 2136 positum
1978 2080 2053 2122 vix

405 2170 537 2210 posse
584 2153 827 2198 inuenire(
898 2158 1005 2197 Erat
1051 2157 1172 2197 enim
1220 2156 1399 2209 gladius
1444 2156 1557 2196 tanti
1604 2154 1853 2207 acuminis,
1911 2154 2052 2206 Skrep

494 2288 527 2324 1.
561 2287 732 2333 loqutus
764 2288 809 2331 V,
855 2290 891 2323 et
927 2288 983 2323 sic
1023 2286 1170 2333 soepius
1202 2285 1313 2322 codd.
1353 2285 1469 2331 (sicul
1509 2287 1760 2332 persequtus
1802 2286 1837 2319 et
1874 2280 2052 2326 simih'a).

407 2344 440 2381 3.
482 2344 698 2380 deridetur
735 2344 779 2381 Α.
871 2344 1142 2391 pertinaciter
1188 2346 1226 2380 et
1272 2342 1337 2380 aff.
1377 2343 1430 2388 Ᾱ;
1477 2345 1579 2389 pert.
1619 2340 1974 2389 respondentibus
2014 2342 2053 2375 et

407 2401 470 2438 aff.
511 2401 549 2438 S.
641 2403 676 2438 5.
718 2402 849 2437 eciam
890 2404 987 2448 (pro
1016 2401 1120 2447 eius)
1151 2401 1190 2438 S.
1281 2401 1316 2436 6.
1359 2400 1596 2446 designaret
1627 2399 1704 2444 AS,
1752 2399 1843 2435 item
1877 2395 1941 2441 Vl,
1986 2397 2054 2432 sed

406 2469 504 2495 corr.
539 2457 591 2494 V²
630 2460 689 2503 (se
728 2468 856 2505 regno
896 2469 1114 2495 cessurum
1154 2458 1287 2503 Saxo).
1378 2458 1429 2493 ad
1468 2467 1546 2494 om.
1588 2456 1631 2493 Α,
1724 2457 1757 2492 7.
1804 2458 1916 2491 tactu
1964 2454 2052 2490 fieri

406 2516 626 2552 dinoscere
657 2517 708 2561 A3
753 2519 865 2552 tactu
907 2514 1217 2564 fidenoscere(!)
1248 2515 1288 2552 S.
1377 2517 1635 2551 contrectato
1666 2513 1792 2558 Saaeo;
1838 2514 2053 2548 contrecto

408 2574 498 2617 DV;
543 2576 653 2609 tacto
685 2573 760 2609 As.
857 2575 915 2610 11.
957 2574 1064 2610 duos
1096 2576 1240 2609 contra
1275 2583 1319 2608 se
1350 2572 1427 2608 AS.
1518 2571 1711 2608 woluerit
1743 2571 1788 2606 V.
1881 2569 1941 2606 12.
1974 2569 2054 2604 hoc

407 2641 485 2667 om.
519 2630 594 2666 As.
670 2631 732 2667 14.
768 2634 863 2667 mot.
897 2631 986 2667 eius
1018 2631 1181 2667 cunctis
1212 2630 1294 2675 AS3
1333 2629 1392 2665 eis
1422 2630 1517 2675 (pro
1550 2628 1653 2673 eius)
1685 2627 1738 2674 V;
1771 2627 1976 2663 motiuum
2010 2625 2050 2661 in

409 2687 621 2733 ingenium
652 2698 754 2724 corr.
789 2698 897 2724 man.
928 2699 1002 2725 ree.
1030 2689 1072 2724 in
1097 2688 1142 2724 D.
1209 2688 1268 2723 15.
1302 2686 1542 2733 predit't'eret
1566 2686 1609 2723 Α.
1670 2685 1810 2720 adhuc
1835 2694 1984 2731 parum
2015 2682 2053 2718 S.

415 2745 473 2779 17.
505 2745 594 2780 eius
626 2755 703 2781 om.
736 2744 801 2780 AS
837 2746 945 2789 (ante
982 2745 1139 2789 lorica).
1229 2744 1415 2780 anterius
1455 2742 1580 2788 codd„
1630 2742 1698 2778 vix
1737 2743 1858 2787 recte;
1900 2739 1990 2786 fort.
2032 2750 2052 2775 a

409 2802 621 2838 lateribus.
689 2803 749 2837 18.
782 2812 862 2848 que
895 2802 984 2838 eius
1016 2812 1073 2848 gr.
1107 2804 1357 2848 congrueret
1386 2800 1425 2837 S.
1490 2801 1552 2837 20.
1585 2814 1608 2847 p
1636 2799 1759 2843 DAS3
1792 2812 1814 2844 q
1840 2795 1986 2844 (quod)
2010 2796 2054 2832 V.

412 2860 613 2894 resarcire
653 2859 691 2894 S.
782 2859 845 2895 23.
884 2859 997 2905 quod
1037 2870 1119 2895 non
1160 2858 1237 2895 As.
1326 2857 1479 2894 frustra
1519 2857 1644 2902 codd„
1692 2867 1791 2892 corr.
1831 2852 2055 2899 Lanyebelc.

412 2915 475 2951 24.
507 2918 766 2951 concutteret
797 2915 866 2960 A13
915 2916 1154 2952 concideret
1187 2914 1249 2960 ΑΞ,
1294 2917 1337 2950 ut
1367 2914 1466 2959 vid.‚·
1511 2913 1653 2950 scribd.
1697 2913 1773 2949 vid.
1816 2912 2053 2947 discuteret.

413 2974 499 3015 Que
533 2983 601 3008 rex
634 2972 697 3017 Al,
744 2983 844 3009 corr.
880 2974 920 3008 in
956 2983 1084 3019 marq.
1118 2971 1189 3009 A2:
1237 2972 1409 3016 Quesito
1442 2980 1555 3017 rege3
1599 2973 1654 3007 Ac
1687 2981 1757 3006 rex
1790 2969 1981 3015 queritur
2013 2967 2052 3004 S.

413 3029 476 3065 26.
520 3030 699 3065 inueniri
737 3028 829 3066 SA2.
920 3031 1029 3065 enini
1079 3030 1116 3066 11.
1156 3030 1177 3065 I.
1220 3040 1298 3075 pro
1336 3031 1486 3073 autem,
1534 3031 1576 3064 ut
1614 3027 1771 3073 soepius.
1864 3027 1975 3062 tante
2010 3024 2056 3060 V.

414 3087 604 3121 acumine
637 3086 680 3122 Α.
