2150 3584
39 1199 80 1231 10

39 1698 79 1730 15

36 2060 78 2092 20

37 2422 79 2453 25

23 2782 80 2835 -30

241 215 459 245 svssNoNJs
490 216 682 245 Acooms
715 215 818 244 Frui
852 216 1011 245 ssnssws
1044 216 1257 245 msronm
1292 216 1440 245 iii-:cvm
1476 217 1606 246 ninom
1670 206 1742 246 141

908 329 947 390 S

792 436 915 477 CAP.
951 437 1065 476 XIX.

204 507 320 585 Hic
362 542 580 595 Sophiam
627 543 844 595 reginam,
894 542 1060 582 Kanuti
1108 543 1223 594 regis
1272 544 1612 583 Roschildensis
1658 555 1748 595 ger-

109 628 308 663 manam,
355 614 648 655 matrimonio
689 615 774 655 sibi
814 614 1061 668 copulauit.
1126 614 1266 655 Cuius
1299 615 1462 655 eximie
1502 616 1748 668 pulchritu-

107 687 226 728 dinis
278 687 473 727 formam
529 687 656 727 omni
711 687 964 727 uenustatis
1018 686 1212 727 artificio
1268 691 1429 727 natura
1481 687 1745 728 elaborauit.

107 760 223 800 Nam
264 759 310 799 in
351 757 447 799 eius
486 759 791 812 descriptione
832 759 968 799 Tullii
1016 758 1228 799 deficeret
1275 759 1502 811 facundia,
1551 760 1747 800 Nasonis

107 834 383 872 exaresceret
428 844 566 883 uena,
615 831 785 883 Virgilii
833 831 1077 872 desudaret
1121 831 1369 884 ingenium.
1449 831 1644 872 Proinde
1690 833 1745 872 ad

106 917 205 945 eam
238 904 623 957 depredicandam
657 904 912 944 mendicata
948 917 1040 944 non
1073 916 1261 957 capesso
1305 903 1532 955 suffragia,
1582 917 1748 957 preser-

105 976 186 1016 tim
226 989 330 1016 cum
374 975 527 1029 sepius
566 976 745 1016 oculata
793 976 881 1016 fide
926 976 1248 1029 perspexerim,
1294 975 1340 1016 in
1381 976 1549 1029 quibus
1588 980 1747 1017 nature

106 1048 380 1089 concinnam
412 1048 632 1088 fabricam
667 1048 775 1088 satis
807 1048 1025 1088 admirari
1057 1062 1149 1089 non
1183 1048 1323 1102 potui.
1387 1049 1528 1089 Porro
1561 1048 1748 1089 illustris

106 1119 220 1172 regis
253 1120 534 1161 Waldemari
573 1120 745 1160 famam
778 1121 892 1161 adeo
925 1121 1084 1161 diuina
1116 1120 1358 1174 ampliauit
1388 1121 1545 1173 gratia,
1588 1125 1636 1161 ut
1668 1121 1748 1162 cir-

106 1192 412 1233 cumiacentes
443 1203 568 1245 reges
601 1196 642 1233 et
674 1192 903 1246 principes
935 1193 975 1233 ei
1008 1193 1139 1247 quasi
1169 1193 1320 1234 debita
1346 1193 1549 1234 certatim
1576 1193 1748 1247 impen-

105 1265 261 1306 derent
293 1264 525 1318 obsequia.

804 1369 927 1410 CAP.
961 1369 1054 1409 XX.

197 1439 319 1536 Qui
350 1487 456 1515 cum
488 1479 648 1516 nature
680 1475 884 1516 debitum
913 1475 1219 1529 persoluisset,
1251 1474 1374 1516 filius
1403 1475 1498 1516 eius
1527 1477 1748 1529 Kanutus,

104 1547 200 1588 iure
247 1548 496 1588 succedens
544 1548 832 1598 hereditario,
882 1548 1080 1601 patrium
1128 1547 1372 1600 imperium
1421 1549 1570 1589 sumit.
1642 1550 1750 1589 Erat

104 1623 254 1660 autern
275 1620 484 1660 Kanutus
509 1619 580 1659 uir
604 1620 853 1673 religiosus,
880 1624 1046 1673 castus,
1078 1633 1308 1674 procerus,
1341 1620 1585 1672 formosus,
1618 1621 1749 1662 miles

105 1691 312 1744 eximius,
359 1705 384 1732 a
424 1691 569 1745 patria
603 1692 768 1733 uirtute
801 1706 892 1734 non
927 1694 1218 1745 degenerans.
1282 1692 1371 1743 Qui
1403 1697 1526 1733 tanta
1560 1694 1748 1734 strenui-

103 1768 191 1805 tate
224 1764 495 1805 Sclauorum
535 1765 816 1818 compescuit
855 1765 1080 1815 seuitiam,
1128 1768 1176 1804 ut
1214 1765 1443 1806 uniuersis
1477 1765 1745 1807 Sclauorum

105 1837 559 1891 Pomeranorumque
619 1836 791 1878 finibus
852 1838 996 1878 classe
1055 1837 1304 1878 deuastatis
1360 1838 1523 1878 ducem
1587 1851 1745 1879 eorum

105 1908 414 1961 Bugezlauum
446 1910 503 1949 ad
535 1909 758 1950 tributum
791 1914 833 1950 et
864 1909 1125 1963 hominium
1159 1909 1245 1950 sibi
1278 1910 1589 1950 exhibendum
1626 1923 1747 1951 com-

104 1981 300 2034 pelleret.
362 1981 496 2032 Quod
536 1981 720 2035 quidem
762 1982 808 2022 in
850 1982 967 2034 regis
1008 1981 1131 2033 naui,
1178 1995 1266 2035 que
1312 1982 1470 2022 rostris
1518 1982 1746 2023 deauratis

103 2054 392 2106 coruscabat,
453 2067 546 2094 non
599 2055 759 2107 procul
812 2055 869 2095 ab
921 2055 1054 2106 urbe,
1116 2067 1254 2107 quam
1303 2067 1441 2107 supra
1490 2055 1742 2095 Haraldum

104 2125 345 2178 profugum
393 2125 608 2167 fundasse
655 2126 859 2178 memini,
903 2126 1073 2167 factum
1120 2126 1260 2166 fuisse
1306 2127 1535 2179 conspexi.
1599 2127 1740 2168 Cuius

103 2197 165 2237 rei
197 2197 512 2250 intersignium
546 2198 741 2240 recolere
774 2212 909 2252 opere
941 2199 1050 2238 duxi
1092 2198 1300 2251 pretium.
1364 2199 1480 2238 Nam
1524 2202 1742 2252 tempore,

103 2283 194 2323 quo
240 2270 369 2311 fedus
416 2270 698 2323 pepigerant,
758 2275 911 2311 tantus
969 2271 1162 2311 nubium
1219 2271 1369 2322 fragor
1416 2270 1633 2322 intonuit,
1696 2275 1743 2311 ut

103 2342 324 2383 elementa
363 2342 584 2383 confundi
624 2342 1002 2383 existimarentur.
1066 2343 1200 2393 Quod
1246 2343 1430 2396 quidem
1464 2343 1522 2383 ab
1554 2343 1742 2396 antiquo

104 2415 438 2467 preuaricatore
498 2414 714 2468 pacisque
776 2415 928 2456 emulo
991 2415 1147 2455 diuina
1209 2415 1510 2468 permissione
1570 2415 1739 2456 factum

104 2486 381 2539 putauimus.
443 2487 624 2540 Quippe
662 2487 831 2540 prefate
871 2487 1151 2540 tempestatis
1190 2487 1477 2541 turbinisque
1525 2487 1741 2528 uiolentia

105 2559 329 2611 presulem
378 2559 698 2600 Caminensem
745 2559 1064 2612 prefatumque.
1113 2560 1417 2611 Bogezlauum
1473 2572 1578 2599 cum
1626 2559 1740 2611 regis

104 2630 237 2671 fratre
282 2631 598 2682 Wafflemaro,
650 2631 982 2684 elegantissime
1028 2631 1195 2671 indolis
1242 2631 1429 2683 iuuene,
1483 2632 1528 2672 in
1577 2632 1740 2673 lembis

105 2703 343 2743 existentes
386 2703 527 2744 ferme
572 2704 874 2756 pessundatos
920 2703 1177 2744 submersit.
1257 2704 1360 2754 Quo
1404 2707 1585 2757 peracto
1634 2716 1738 2745 cum

104 2773 273 2826 ingenti
311 2775 587 2816 exultatione
627 2775 949 2816 remeauimus.
1019 2775 1160 2817 Cuius
1207 2776 1370 2828 negotii
1419 2777 1557 2816 finem
1605 2788 1739 2816 cunc-

104 2848 253 2887 torum
285 2847 560 2900 gubernator
592 2847 637 2887 in
670 2860 781 2901 pace
813 2861 894 2888 sua
927 2848 1151 2901 disponat.

112 3007 142 3043 V
189 2951 330 3044 &1431
369 2954 428 2988 14.
455 2963 668 2999 procerus,
702 2954 924 2997 formosus,
955 2953 1025 2999 cfr.
1058 2954 1309 3000 epitaphium
1338 2955 1484 2990 Canuti
1510 2955 1551 2989 in
1575 2954 1611 2991 S.
1629 2954 1673 2991 R.
1691 2954 1737 2993 D.

140 3036 150 3054 ,
181 3019 219 3054 p.
338 3037 346 3046 .
