2150 3584
688 203 947 231 ennomcon
983 203 1292 232 ROSKILDENSE
1757 197 1806 234 27

249 367 362 407 XIV.
429 328 581 406 Nam
617 367 822 417 Magnus,
856 366 1019 406 unicus
1054 366 1173 406 lilius
1208 367 1415 407 Nicholai
1451 368 1579 419 regis,
1625 369 1808 409 diabolo

162 439 403 491 instigante
438 439 684 490 Kanutum,
734 438 877 478 lilium
915 438 1063 478 Herici
1098 439 1226 490 regis,
1270 439 1479 479 simulata
1528 453 1635 492 pace
1680 441 1808 481 inter-

162 510 284 562 fecit,
331 511 478 552 virum
529 510 771 564 pudicum,
819 511 1049 558 sobrium,
1098 511 1326 563 sapiencia
1368 516 1408 551 et
1456 512 1719 564 eloquencia
1769 517 1809 554 et

162 582 379 622 omnibus
426 582 558 623 bonis
606 582 813 622 moribus
860 587 1095 633 ornatum⁷
1152 596 1274 623 anno
1329 583 1504 623 domini
1554 574 1806 625 ‚MCXXX

162 654 290 696 Vnde
343 654 501 695 fratres
556 654 652 694 eius
704 655 934 695 Haroldus
989 659 1030 695 et
1078 655 1269 695 Hericus
1325 655 1600 695 sedicionem
1651 661 1805 697 contra
1835 673 1853 692 ›

163 726 439 767 Nicholaum
486 738 637 779 regem
685 730 727 767 et
768 727 983 779 Magnum
1034 727 1179 767 filium
1222 727 1318 767 eius
1359 727 1616 768 excitabant
1661 733 1714 779 et,
1764 734 1809 769 ut

163 799 413 839 Nicholaus
445 810 583 851 regno
609 803 650 839 et
676 799 862 839 nomine
887 799 1158 852 priuaretur,
1191 803 1233 839 et
1252 800 1444 852 Magnus
1469 800 1809 851 interficeretur,

161 871 441 912 omnimodis
475 871 757 912 laborabant.
822 872 961 924 Igitur
1002 872 1194 912 Hericus
1233 872 1433 912 collectis
1466 873 1682 913 omnibus
1716 887 1809 925 per-

161 943 265 983 fidis
304 947 346 983 et
385 943 613 983 sceleratis
653 943 699 983 in
733 944 905 984 luciam
949 944 1074 984 uenit
1105 943 1259 998 ibique
1292 930 1411 998 <per>
1445 948 1616 997 partem
1652 946 1808 998 populi

160 1015 286 1055 falsis
319 1015 704 1068 promissionibus
736 1016 910 1068 regium
944 1029 1113 1057 nomen
1148 1016 1234 1056 sibi
1268 1016 1520 1069 usurpauit.
1585 1017 1701 1057 Nam
1735 1017 1809 1058 hic

161 1087 314 1128 iunior
355 1087 558 1128 Haroldo
596 1088 682 1128 fuit
720 1092 762 1128 et
800 1101 852 1129 eo
892 1089 1038 1129 multo
1079 1088 1378 1143 eloquentior,
1425 1088 1495 1128 uir
1535 1088 1808 1141 flagiciosus,

162 1161 313 1200 furore
353 1164 395 1200 et
434 1159 673 1200 mendacio
713 1161 922 1213 repletus.
989 1161 1086 1201 Hoc
1128 1160 1320 1201 audiens
1355 1161 1586 1201 Haroldus
1619 1162 1809 1201 contulit

162 1246 208 1273 se
254 1233 310 1273 ad
358 1243 506 1284 regem
552 1232 843 1285 Nicholaum,
891 1233 1058 1274 iuniori
1105 1234 1232 1274 fratri
1279 1233 1448 1274 seruire
1495 1234 1655 1274 nolens
1700 1238 1810 1274 tunc

161 1318 299 1346 causa
332 1304 474 1357 etatis,
513 1309 624 1345 tunc
654 1309 839 1358 propter
869 1307 1052 1347 turbam
1085 1306 1288 1346 filiorum
1323 1306 1444 1356 ‚XV.,
1485 1319 1600 1359 quos
1633 1306 1808 1358 habuit,

160 1373 269 1418 tunc
309 1381 494 1430 propter
532 1377 759 1417 infinitam
801 1379 1059 1431 pecuniam,
1107 1392 1246 1432 quam
1287 1378 1344 1418 ab
1384 1377 1602 1418 omnibus
1643 1378 1808 1418 iniuste

160 1450 323 1504 rapuit.
387 1451 480 1491 Rex
525 1453 678 1490 autem
727 1450 977 1492 Nicholaus
1025 1451 1221 1504 perrexit
1267 1450 1313 1490 in
1357 1450 1530 1491 luciam
1578 1455 1618 1491 et
1666 1452 1808 1491 multa

161 1523 278 1564 bella
325 1535 431 1563 cum
480 1522 644 1563 Herico
692 1523 876 1574 habuit3
932 1523 978 1563 in
1035 1523 1106 1564 his
1153 1523 1371 1563 omnibus
1421 1523 1612 1564 Hericus
1660 1524 1808 1564 uictus

160 1595 375 1647 fugiendo
424 1594 550 1635 uenit
589 1595 833 1636 Slaeswich.
897 1596 1112 1649 Sequenti
1159 1609 1268 1636 uero
1315 1609 1438 1637 anno
1486 1596 1640 1636 nauali
1688 1597 1806 1637 bello

160 1671 483 1720 pugnauerunt
513 1668 571 1708 ad
603 1667 818 1720 insulam,
851 1682 938 1722 que
971 1672 1163 1709 uocatur
1189 1668 1322 1721 Syra3
1356 1668 1417 1708 ibi
1446 1669 1652 1719 Magnus,
1686 1669 1807 1709 filius

159 1739 275 1792 regis
309 1739 531 1790 Nicholai‚
579 1744 747 1793 putans
788 1744 963 1794 patrem
1007 1754 1104 1782 esse
1143 1744 1184 1780 et
1216 1741 1342 1793 prius
1374 1741 1569 1793 uenisse,
1617 1741 1806 1781 circum-

159 1813 293 1852 datus
325 1812 382 1852 ab
415 1812 613 1853 exercitu
648 1812 813 1861 Herici,
861 1813 1016 1853 multis
1048 1813 1206 1867 captis,
1245 1814 1474 1867 plerisque
1507 1813 1683 1865 occisis,
1731 1814 1807 1854 uix

160 1883 318 1937 paucis
365 1885 564 1925 nauibus
610 1885 796 1936 aufugit.
889 1886 1049 1926 Tercio
1105 1899 1215 1926 uero
1262 1899 1384 1926 anno
1430 1899 1508 1926 rex
1556 1886 1806 1926 Nicholaus

161 1957 420 1998 Selandiam
455 1969 560 1997 cum
595 1958 655 1999 .C.
688 1957 888 1998 nauibus
920 1959 1065 2009 uenit3
1113 1962 1154 1999 et
1192 1958 1299 2012 quia
1331 1958 1479 1999 maior
1511 1971 1615 2011 pars
1648 1958 1806 2011 populi

160 2042 265 2070 cum
314 2030 445 2070 Petro
495 2029 710 2082 episcopo
759 2030 983 2071 Nicholao
1031 2031 1235 2080 fauebat,
1294 2030 1406 2071 inito
1454 2031 1701 2071 certamine
1749 2032 1804 2070 ad

161 2101 378 2141 Werebro
427 2101 620 2141 Hericus
666 2102 815 2154 primo
862 2102 1078 2143 conflictu
1128 2088 1312 2157 <uictus>
1360 2103 1483 2154 fugit.
1555 2102 1806 2143 Nicholaus

160 2172 306 2225 uictor
366 2173 562 2213 existens
622 2174 907 2214 Roskildiam
969 2175 1238 2215 deuastauit.
1339 2175 1531 2215 Hericus
1592 2174 1803 2215 Scaniam

159 2244 349 2285 ueniens
382 2245 607 2285 auxilium
640 2246 795 2299 pecijt;
828 2247 906 2300 qui
935 2248 1210 2300 expellentes
1234 2260 1353 2297 eum,
1388 2248 1620 2299 Magnum,
1654 2258 1803 2298 regem

159 2316 409 2369 Norwegie‚
442 2317 589 2357 filium
609 2318 815 2370 Sywardi
839 2319 969 2371 regis,
1002 2319 1111 2372 adijt
1136 2323 1176 2359 et
1203 2320 1396 2372 supplex
1421 2320 1478 2359 ab
1503 2332 1555 2360 eo
1581 2319 1803 2359 auxilium

245 2422 349 2468 Cap.
385 2423 488 2461 xlv.
568 2424 601 2459 8.
634 2424 832 2460 omnibus
866 2425 1001 2460 modis
1035 2425 1081 2460 H.
1158 2425 1193 2460 9.
1225 2424 1417 2460 celeratis
1452 2425 1485 2459 K
1561 2436 1635 2471 per
1666 2424 1806 2460 addidi

158 2482 245 2524 (aut
288 2480 494 2516 seducens
531 2484 624 2527 post
661 2482 1015 2527 promissionibus
1062 2482 1295 2517 addendum
1337 2484 1425 2526 esl);
1473 2482 1657 2517 licentius
1697 2482 1736 2517 in
1779 2481 1806 2517 S

160 2537 290 2572 locum
324 2537 380 2573 sic
405 2539 581 2574 correxit
600 2538 869 2584 stephanius:
904 2539 1046 2585 ibique
1080 2550 1115 2585 p.
1149 2550 1186 2585 p.
1218 2539 1243 2575 f.
1278 2550 1314 2585 p.
1349 2539 1507 2585 regium
1541 2540 1618 2574 sibi
1654 2550 1804 2574 nomen

157 2593 343 2630 tribuere
367 2596 511 2641 coegit.
576 2597 635 2631 11.
665 2596 851 2631 Haroldo
877 2596 953 2631 fuit
973 2596 1064 2641 KO;
1095 2599 1183 2631 erat
1214 2596 1399 2631 Haroldo
1419 2596 1458 2632 S.
1527 2596 1688 2632 13—15.
1718 2599 1805 2631 tum

160 2654 454 2688 ..tum..tum
488 2652 669 2698 denique
702 2652 740 2688 S.
821 2654 880 2688 14.
911 2664 988 2698 pro
1022 2653 1107 2688 .XV.
1147 2652 1288 2689 scribd.
1322 2656 1408 2689 erat
1440 2653 1546 2693 .XII.,
1584 2653 1653 2698 cfr.
1696 2652 1805 2698 infra

159 2718 196 2753 p.
232 2708 349 2751 31,7.
429 2710 489 2745 15.
521 2710 726 2745 infinitam
762 2710 854 2755 KO;
901 2711 1097 2746 iniustam
1132 2710 1198 2746 SH
1276 2721 1400 2756 quam
1437 2710 1559 2750 KOS;
1610 2710 1723 2756 quod
1757 2711 1803 2745 H.

162 2765 222 2800 17.
255 2765 320 2801 his
348 2777 425 2802 om.
453 2767 496 2803 K.
561 2768 622 2802 18.
654 2778 756 2803 uero
783 2778 860 2803 om.
887 2767 925 2803 S.
991 2768 1051 2803 19.
1080 2769 1173 2813 post
1203 2768 1305 2813 Syra
1339 2768 1380 2803 in
1409 2778 1536 2812 mary.
1562 2767 1731 2804 inseruit
1758 2767 1802 2802 S:

158 2822 243 2858 A.C.
266 2823 382 2859 1132.
446 2825 509 2859 21.
542 2826 751 2860 excercitu
777 2825 824 2861 O.
889 2825 950 2860 22.
980 2827 1073 2870 post
1103 2835 1213 2859 anno
1238 2825 1414 2860 inseruit
1439 2825 1484 2860 S:
1526 2825 1800 2862 M.C.XXXIII.

160 2879 224 2914 25.
256 2880 438 2917 Verebro
465 2881 500 2917 Ο
578 2881 713 2917 uictus
745 2881 893 2917 addicit
957 2881 1020 2917 26.
1054 2881 1319 2927 Roscyldiam
1350 2882 1396 2917 Ο.
1467 2883 1530 2919 27.
1565 2882 1636 2927 qui
1669 2881 1803 2926 expel-

158 2935 289 2973 lentes
335 2947 448 2973 eum'
475 2939 546 2974 ΚΟ
591 2939 863 2981 (nominatum
903 2938 1097 2983 absoluto,
1146 2941 1189 2973 ut
1222 2949 1262 2984 ρ,
1304 2939 1369 2983 94,
1397 2939 1450 2974 26
1467 2950 1546 2985 sq.,·
1591 2938 1657 2977 29,
1685 2937 1802 2983 nfasqq⁴

161 2991 325 3039 31,19);
374 3006 395 3030 a
442 2995 596 3041 quibus
636 2996 836 3041 expulsus
874 2996 1037 3031 licenter
1073 2994 1333 3043 (stephanius
1373 2996 1428 3039 in)
1471 2996 1510 3032 S.
1598 2995 1660 3030 28.
1701 2996 1802 3030 Nor-

160 3051 276 3096 uegie
308 3051 362 3097 0;
395 3053 641 3098 Norvvagiae
674 3053 701 3089 S
777 3052 942 3089 Siuardi
974 3053 1010 3088 Ο
1085 3052 1216 3088 addiit
1247 3053 1294 3088 Ο.

1838 1024 1876 1053 10

1838 1387 1876 1417 15

1834 1751 1875 1781 20

1832 2113 1874 2143 25
