2150 3584
696 193 784 221 DVO
818 193 1012 222 CARMlNA
1049 193 1285 221 HlS'l'ORlCA
1732 183 1813 222 485

284 307 437 347 exules
467 306 656 359 gentiles
994 325 995 330 ¹
1144 307 1268 357 Abel,
1304 307 1432 346 miles
1465 311 1689 354 strenuus,

285 378 413 431 plebs
446 378 651 431 nequiuit
684 391 821 419 vrere.
993 386 994 391 ’
1144 379 1392 429 resistebat,
1427 383 1472 419 ut
1507 379 1697 426 valebat,

1144 451 1346 503 firmiter,
1378 451 1578 502 viriliter,

174 492 245 534 18.
285 492 420 544 Quod
462 492 536 533 hie
574 493 706 544 fatur,
749 506 956 547 compro·
993 513 995 544 l
1143 537 1194 564 ex
1227 524 1332 564 totis
1365 524 1627 576 precordijs·

766 565 899 606 batur

286 639 550 679 Palmarum
585 638 824 691 solennijs:
993 655 994 687 l
1034 636 1104 678 19.
1146 638 1262 689 Ergo
1289 662 1341 665 —
1370 650 1473 678 cum
1510 638 1570 678 sis
1604 639 1668 679 sic
1696 650 1816 679 com-

284 710 568 762 firmabatur,
602 710 854 762 augebatur
1608 711 1756 763 plosa:

286 785 477 836 Gottrup
510 783 554 823 in
589 782 802 836 obsiding
994 822 995 829 ,
1147 787 1326 823 [umens
1359 795 1411 823 ex
1445 782 1673 835 superbia,

284 856 400 909 regis
431 859 585 896 tamen
619 859 822 908 patruus,
1146 855 1281 896 verba
1310 855 1532 895 Franckis
1559 856 1815 908 ampullosa

256 962 290 988 V.
324 952 346 987 8
388 948 506 986 verba
545 949 686 986 exules
724 950 897 996 gentiles
936 950 1022 987 sine
1062 949 1183 986 dubio
1224 952 1444 985 extraneos
1488 949 1648 985 nobiles
1694 950 1817 996 siqni-

168 1009 304 1055 ficant,
354 1009 374 1044 ι’.
419 1019 448 1043 e.
496 1007 640 1043 milites
688 1006 897 1053 Gerlmrdi,
945 1008 1015 1055 qui
1061 1009 1101 1043 in
1149 1007 1308 1043 castello
1355 1010 1490 1046 erant.-
1538 1006 1610 1042 bos
1657 1008 1819 1043 incenso

170 1065 329 1102 castello
372 1064 484 1112 plebs
527 1063 713 1100 seditiosa
756 1065 937 1101 uoluerat
980 1076 1110 1107 vrere,
1158 1066 1198 1100 ut
1246 1064 1283 1099 1'11
1330 1076 1361 1100 ι).
1406 1064 1428 1098 9
1469 1065 1567 1099 recte
1604 1065 1636 1099 Α
1679 1063 1818 1107 habet,-

171 1122 370 1159 reicienda
404 1122 530 1168 iyitur
549 1124 606 1158 est
627 1122 856 1158 coniectura
882 1121 1024 1169 Mayni
1041 1121 1221 1158 Matthiae
1254 1122 1292 1157 in
1329 1121 1516 1166 maryine
1541 1121 1572 1156 Α
1597 1121 1818 1167 adscripta:

172 1180 294 1217 forte:
328 1182 500 1224 vertere,
532 1190 655 1226 quam
687 1179 959 1215 coniecturam
987 1180 1019 1215 1-1
1055 1180 1095 1215 in
1127 1180 1276 1215 textum
1305 1179 1457 1224 recepit.
1489 1199 1531 1203 —-
1563 1179 1598 1214 9.
1632 1179 1821 1224 nequiuit

176 1251 220 1270 =
242 1236 489 1284 nequiuerat.
529 1232 541 1289 Η
587 1237 654 1281 18,
675 1237 692 1272 1
730 1237 771 1272 in
805 1236 839 1272 B
872 1237 981 1272 mala
1014 1237 1256 1280 coniectura,
1305 1247 1394 1282 quoe
1427 1235 1641 1281 rhythmos
1674 1234 1818 1274 turbat.

172 1295 229 1331 sic
257 1293 462 1331 scribitur:
511 1294 629 1339 Quod
663 1294 739 1329 sic
772 1293 959 1331 factum
993 1294 1307 1340 comprobatur.
1357 1315 1409 1319 ——
1457 1292 1577 1336 Quod
1611 1292 1678 1328 hic
1710 1292 1821 1328 fatur

170 1351 234 1401 (z
257 1351 421 1397 dicitur,
468 1351 545 1387 fari
580 1352 745 1397 passiue
783 1353 826 1386 ut
861 1362 986 1397 supra
1021 1350 1129 1396 4-,3),
1174 1350 1320 1386 scilicet
1358 1350 1526 1386 rusticos
1567 1350 1625 1385 uel
1664 1349 1818 1395 plebem

171 1420 277 1456 oeqre
309 1409 454 1455 tulisse,
502 1409 610 1455 quod
650 1410 818 1444 conatus
855 1419 952 1444 suus
991 1409 1186 1445 aduersus
1220 1407 1408 1443 Holsatos
1446 1418 1495 1443 ex
1533 1409 1649 1454 parte
1679 1407 1819 1443 saltem

170 1466 326 1513 frustra
356 1465 517 1512 fuisset,·
549 1465 625 1502 hoc
656 1465 748 1501 inde
778 1466 1093 1512 comprobatur,
1125 1465 1233 1512 quod
1253 1467 1391 1511 postea
1418 1463 1641 1500 maioribus
1671 1464 1821 1500 uiribus

172 1524 342 1560 collectis
394 1534 485 1559 eum
541 1533 740 1559 renouare
793 1523 1036 1559 studuerunt
1085 1526 1263 1559 castrum
1314 1522 1480 1568 Gottrup
1534 1522 1819 1568 a99rediendo.

176 1580 435 1627 OppuynatIO
472 1579 594 1616 liuius
625 1580 787 1625 castelli,
835 1590 925 1626 quw
966 1580 1007 1616 in
1043 1580 1191 1616 Chron.
1224 1579 1304 1616 Jut.
1332 1591 1372 1626 p.
1406 1579 1498 1624 452,
1519 1579 1680 1615 20—22
1717 1589 1820 1614 com-

174 1641 435 1682 memoratur,
486 1640 621 1674 utrum
655 1637 792 1673 eadem
828 1637 888 1683 sit,
936 1648 1025 1684 quoe
1057 1638 1096 1673 in
1131 1637 1207 1673 boc
1239 1647 1353 1673 versu
1385 1635 1633 1681 describitur,
1677 1647 1731 1671 aa
1763 1646 1821 1680 ea,

173 1706 297 1742 quam
330 1695 501 1732 Detmar
532 1694 764 1731 Lubicensis
797 1696 838 1730 in
870 1698 1069 1731 autumno
1101 1696 1203 1730 anni
1233 1693 1338 1731 1328
1367 1693 1520 1740 factam
1554 1704 1636 1729 esse
1667 1695 1820 1735 narrat,

175 1753 371 1790 incertum
418 1753 474 1789 est
512 1752 715 1797 (videatur
757 1751 930 1789 Ersleuii
970 1752 1191 1799 disputatio
1239 1753 1278 1788 in
1317 1751 1467 1788 Annal.
1510 1750 1609 1787 Hist.
1649 1750 1727 1786 Ser.
1767 1749 1823 1786 VJ.

175 1811 249 1847 vol.
287 1810 338 1847 VI
367 1822 407 1857 p.
450 1808 671 1846 389—400
710 1809 845 1855 edita).
893 1832 946 1836 —
994 1811 1028 1846 2.
1074 1809 1314 1846 Palmarum
1362 1808 1575 1852 solenniis,
1623 1809 1644 1844 i.
1683 1818 1712 1843 e.
1761 1808 1824 1844 die

175 1867 272 1906 XVI.
307 1868 458 1906 mensis
490 1866 640 1913 Aprilis
671 1867 775 1903 anni
806 1866 925 1904 1329.
974 1889 1027 1893 -—
1075 1868 1109 1903 3.
1143 1867 1404 1910 firmabatur,
1452 1866 1694 1912 augebatur,
1739 1866 1821 1901 scil.

175 1925 306 1972 plebs,
347 1924 475 1972 plebis
522 1924 760 1969 multitudo,·
806 1926 978 1961 ceterum
1028 1925 1068 1961 in
1110 1925 1143 1960 Α
1190 1924 1306 1960 initio
1353 1923 1584 1970 angebatur
1628 1923 1822 1969 scriptum

172 1982 318 2029 suerat,
366 1981 473 2029 quod
501 1984 639 2028 postea
671 1982 809 2018 eadem
843 1992 991 2018 manus
1021 1981 1217 2027 correxit;
1263 1980 1513 2028 exemplaria
1548 1983 1694 2022 tamen,
1736 1990 1825 2026 qua>

175 2051 225 2077 ex
252 2040 285 2076 Α
317 2039 516 2086 oriyinem
548 2039 713 2085 ducunt,
742 2041 892 2085 praeter
923 2040 956 2075 B
988 2039 1220 2086 angebatur
1250 2037 1410 2084 habent,
1459 2037 1572 2073 cuius
1603 2036 1822 2073 subiectum

176 2098 354 2145 Gottrup
386 2107 467 2133 esse
498 2094 638 2132 scriboe
666 2095 876 2143 putauisse
908 2096 1112 2142 videntur,
1160 2096 1193 2131 H
1227 2096 1459 2142 augebatur
1490 2094 1631 2131 merito
1663 2094 1824 2141 recepi&

176 2156 355 2202 Gottrup
382 2164 461 2201 pro
490 2154 676 2199 genetiuo
708 2152 902 2190 obiectiuo
933 2153 984 2190 ab
1016 2153 1191 2190 obsidiis
1220 2153 1420 2200 pendente
1451 2152 1730 2198 accipiendum
1756 2154 1822 2188 est.

176 2234 231 2238 —
264 2211 386 2249 5—-6,
417 2211 529 2255 Abel,
571 2210 681 2256 filius
712 2210 823 2247 Erici
852 2210 977 2256 ducis,
1022 2210 1114 2256 fort.
1148 2211 1322 2258 spurius.
1394 2210 1504 2246 Idem
1537 2220 1625 2245 esse
1657 2209 1823 2253 videtur,

177 2270 247 2316 qui
280 2269 320 2305 in
352 2268 572 2315 diplomate
602 2268 780 2315 quodam
805 2267 1036 2304 Valdemari
1068 2267 1358 2312 (Slesuicensis)
1393 2267 1498 2314 regis
1524 2266 1587 2302 die
1613 2265 1708 2302 XXI.
1736 2266 1826 2312 Sep-

179 2326 341 2363 tembris
386 2326 488 2362 anni
534 2324 641 2362 1326
685 2325 781 2361 dato
826 2325 1085 2371 nominatur,
1141 2336 1219 2372 quo
1274 2335 1345 2360 rex
1393 2323 1611 2371 priuileyia
1657 2323 1827 2359 ecclesia»

179 2383 365 2430 Ripensis
396 2383 615 2429 confirmat
645 2383 739 2427 (vid.
766 2383 920 2428 Repert.
948 2383 1096 2419 Erslev.
1124 2382 1274 2427 1454),·
1307 2393 1326 2417 a
1344 2381 1614 2418 uunculus
1648 2380 1712 2416 ille
1742 2380 1826 2426 qui-

178 2442 268 2477 dem
300 2440 405 2488 reyis
437 2439 492 2476 ibi
524 2441 700 2485 vocatur,
733 2440 801 2475 sed
832 2440 1070 2476 auunculus
1099 2439 1230 2476 medio
1258 2450 1346 2475 oeuo
1371 2450 1453 2475 11011
1480 2449 1575 2474 raro
1600 2437 1720 2474 etiam
1750 2448 1826 2484 pro

180 2501 330 2545 patruo
373 2499 603 2543 usurpatur.
666 2497 757 2533 Non
804 2496 971 2533 aliunde
1017 2499 1135 2534 notus
1180 2507 1262 2533 esse
1307 2496 1373 2535 hic
1412 2495 1510 2531 Abel
1555 2495 1720 2531 videtur.
1782 2494 1826 2529 Ιιι

180 2555 367 2601 maryine
403 2555 435 2590 Α
478 2553 653 2601 Maynus
692 2553 872 2590 Mattbiae
909 2554 1019 2591 lianc
1055 2555 1327 2591 coniecturam
1369 2553 1544 2589 addidit:
1593 2552 1698 2587 forte
1729 2551 1827 2592 Allf;

179 2612 254 2649 Iioc
285 2622 432 2648 nomen
459 2611 542 2647 Allt'
570 2612 630 2647 uel
653 2611 727 2647 Alv
758 2611 906 2658 soepius
933 2623 1011 2658 pro
1035 2611 1229 2659 Adolpho
1258 2611 1438 2657 ponitur,
1472 2609 1540 2645 sed
1570 2609 1617 2644 de
1647 2619 1825 2655 quonam

179 2669 372 2716 Adolpho
411 2668 659 2715 cogitauerit,
702 2668 846 2705 nescio.
911 2668 1172 2715 Huitseldtius
1213 2668 1312 2712 (Fol.
1346 2667 1439 2713 451)
1477 2667 1652 2713 pessimo
1695 2676 1829 2702 errore

181 2725 277 2763 Abel
314 2726 445 2772 silium
484 2726 670 2772 spurium
715 2725 999 2772 Christophori
1027 2726 1056 2762 I.
1098 2725 1223 2771 fuisse
1260 2725 1433 2771 putauit.
1477 2745 1530 2749 -—
1578 2724 1611 2758 9.
1646 2734 1691 2759 ex
1732 2723 1827 2759 totis

182 2783 426 2830 precordiis,
454 2783 624 2830 petitum
657 2794 706 2819 ex
738 2783 801 2819 lib.
834 2783 1009 2829 Sapient.
1043 2784 1078 2828 8,
1098 2783 1161 2819 21.
1193 2777 1205 2834 ΙῙ
1241 2783 1362 2827 19,1.
1395 2781 1623 2828 complosa,
1663 2780 1684 2815 i.
1719 2791 1747 2816 e.
1781 2791 1829 2815 ea·

182 2840 442 2888 qualitatibus
485 2840 589 2876 inter
624 2851 664 2876 se
701 2840 1024 2887 repuynautibus
1072 2840 1110 2876 vi
1155 2839 1333 2886 quadam
1381 2841 1545 2885 coyenle
1585 2837 1828 2884 composita:

182 2909 280 2935 nam
321 2900 356 2934 et
394 2901 560 2934 tumens
599 2909 647 2934 ex
686 2897 883 2944 superbia
919 2908 958 2933 es
990 2900 1026 2933 et
1055 2908 1197 2934 rursus
1229 2907 1325 2932 vere
1360 2896 1397 2939 (i.
1432 2906 1460 2931 c.
1493 2906 1535 2930 re
1567 2897 1676 2939 vera)
1711 2895 1826 2930 arida

183 2959 222 2991 et
254 2955 459 2996 marcida;
504 2955 572 2990 sed
603 2954 660 2991 tui
695 2955 835 2991 nescia
867 2965 917 2998 es,
953 2957 986 2990 te
1018 2955 1148 3001 ipsam
1181 2965 1265 2990 non
1306 2952 1467 2994 nouisti,
1501 2954 1667 2998 propter
1696 2956 1828 2989 status

183 3013 471 3059 ignorantiam.
520 3033 573 3037 -—
621 3012 656 3048 3.
689 3011 892 3048 Franchis
926 3012 979 3058 fl,
1027 3011 1145 3048 verba
1185 3011 1441 3057 siqnificant:
1488 3007 1605 3044 uerba
1651 3009 1828 3056 inqentia

184 3070 452 3107 stomacharis
482 3067 829 3117 (›>fremgylper‹<),
867 3079 956 3115 quae
987 3069 1107 3105 ctiam
1145 3069 1184 3103 in
1217 3068 1470 3103 Francorum
1504 3076 1571 3101 ore
1599 3067 1828 3112 ampullosa

183 3125 495 3176 (mpstyltedffl)
526 3126 765 3162 viderentur.
796 3120 808 3177 Η
