2150 3584
253 211 472 241 SVENONJS
504 211 696 240 AGGONIS
729 211 833 240 FILII
867 211 1026 241 BREvls
1058 212 1270 241 HISTORIA
1303 212 1453 241 REGVM
1488 212 1619 241 DAClE
1682 201 1758 240 137

917 323 955 385 S

117 445 287 487 umque
319 431 482 473 molari
515 431 559 472 in
593 431 873 485 profundum
907 431 1061 485 abyssi
1093 431 1320 472 demersit.
1371 432 1550 473 Fratres
1575 445 1758 486 quoque

116 505 226 557 eius,
257 505 481 558 quosdam
516 504 711 556 adultos,
744 504 969 557 quosdam
1000 503 1276 556 impuberes,
1310 505 1521 545 undecim
1552 518 1758 556 numero,

116 577 232 618 ferro
265 576 395 617 iussit
426 576 550 617 haud
584 576 873 629 patrissando
906 575 1069 616 necari.
1120 575 1235 616 Cum
1261 580 1412 617 autem
1440 577 1552 616 tanti
1578 577 1758 617 sceleris

115 653 246 690 autor
277 649 507 700 extitisset,
539 649 810 701 regulosque
842 648 1120 701 pullulantes
1154 661 1341 701 prorsus
1374 648 1677 702 exstirpasset,
1713 649 1756 689 in

69 730 89 761 5
115 721 233 774 regie
272 720 566 762 sublimitatis
605 724 823 773 potestate
862 720 1135 761 constitutus
1167 720 1339 760 iustum
1372 721 1528 761 diuine
1561 722 1758 774 potentie

114 793 334 834 iudicium
369 797 580 846 expertus
612 796 688 833 est.
739 793 855 833 Nam
883 792 929 832 in
958 792 1153 833 Urnensi
1178 793 1345 846 placito
1380 793 1522 844 Plogh
1554 793 1758 848 quidam,

114 869 417 919 cognomento
452 865 600 919 Niger,
648 864 832 907 militari
871 877 1040 907 corona
1082 864 1297 920 stipatum
1338 865 1494 906 lancea
1534 869 1759 907 transuer-

114 936 302 979 berauit.

797 1195 920 1237 CAP.
955 1196 1069 1236 XVI.

210 1266 502 1356 Interempto
533 1302 686 1357 itaque
717 1313 818 1355 rege
851 1315 959 1344 mox
990 1302 1108 1343 alius
1138 1302 1385 1357 imperium
1415 1304 1556 1345 sumit
1580 1305 1755 1358 Ericus,

46 1381 86 1414 10
112 1387 247 1429 quem
288 1375 347 1415 ob
390 1375 693 1416 suauissimos
730 1388 879 1416 mores
918 1376 1097 1427 Agnum
1139 1376 1540 1428 cognominabant.
1615 1377 1756 1419 Cuius

111 1447 395 1500 temporibus
450 1447 682 1488 uberrima
736 1451 1005 1488 cunctarum
1059 1461 1212 1488 rerum
1270 1448 1412 1489 extitit
1457 1449 1753 1491 abundantia.

113 1519 220 1560 Post
264 1519 394 1560 illum
435 1520 658 1573 Kanutus,
706 1520 859 1572 Magni
899 1519 1034 1572 filius,
1081 1534 1217 1573 quem
1266 1521 1310 1561 in
1356 1521 1517 1563 Scania
1566 1523 1754 1564 memini

111 1604 247 1645 supra
288 1591 573 1645 occubuisse,
620 1592 666 1633 in
706 1592 1022 1645 Wigbergensi
1061 1593 1227 1646 placito
1274 1598 1453 1635 creatur
1499 1595 1544 1635 in
1589 1606 1753 1648 regem,

112 1663 318 1704 Svenone
363 1677 389 1704 a
437 1664 760 1706 Scaniensibus
807 1665 968 1716 electo,
1027 1665 1104 1719 qui
1159 1666 1280 1707 filius
1327 1680 1465 1720 supra
1513 1668 1753 1709 memorati

44 1743 84 1774 15
111 1735 307 1777 crudelis
349 1736 491 1777 extitit
530 1737 664 1778 Erici.
727 1738 818 1788 Qui
857 1737 968 1777 dum
1011 1751 1312 1792 sepenumero
1360 1739 1475 1780 inter
1522 1753 1568 1780 se
1605 1742 1754 1781 decer-

109 1811 275 1861 tarent,
327 1809 670 1863 VValdemarus,
727 1822 856 1850 sacro
903 1823 1063 1851 cruore
1110 1811 1353 1863 oriundus,
1411 1812 1754 1865 Ringstadensis

112 1880 279 1921 Kanuti
324 1880 458 1929 filius,
507 1882 647 1935 patris
691 1886 802 1923 tunc
848 1881 1019 1935 potitus
1065 1883 1213 1936 feodo,
1260 1884 1391 1938 quasi
1440 1885 1618 1926 medius
1663 1885 1752 1926 illis

109 1952 335 1993 alternum
381 1953 677 2007 impendebat
722 1954 994 1996 subsidium.
1087 1956 1194 1996 Post
1246 1957 1442 1997 multum
1489 1971 1598 1998 uero
1645 1962 1753 1999 tem-

110 2025 246 2077 poris,
293 2025 450 2066 habito
490 2027 686 2069 concilio
731 2027 779 2068 in
820 2027 1056 2081 Lalandia,
1102 2029 1403 2070 decreuerunt
1441 2030 1597 2070 arbitri
1635 2043 1751 2085 equa

43 2105 85 2136 20
111 2097 317 2150 portione
362 2109 553 2151 regnum
600 2100 647 2140 in
693 2100 776 2141 tria
819 2100 978 2154 partiri
1017 2104 1293 2156 pactumque
1334 2102 1498 2143 federis
1538 2102 1751 2143 firmitate

111 2170 382 2210 sacramenti
422 2171 650 2214 roborare.
714 2174 807 2214 Nec
844 2173 921 2213 diu
963 2173 1081 2226 pacti
1115 2173 1254 2214 huius
1286 2175 1470 2215 durauit
1502 2175 1750 2227 firmitudo,

110 2246 243 2295 prout
274 2242 338 2283 rei
371 2242 516 2284 exitus
549 2245 771 2293 probauit.
835 2245 950 2285 Nam
993 2249 1197 2298 tempore
1238 2247 1508 2299 autumnali,
1556 2248 1750 2289 concilio

109 2314 154 2354 in
188 2315 505 2356 Roschildensi
539 2316 721 2358 ciuitate
753 2317 993 2369 celebrato,
1040 2321 1129 2358 tres
1169 2318 1329 2371 prefati
1369 2332 1551 2360 sacrum
1585 2320 1749 2360 festum

109 2386 355 2428 solenniter
385 2393 649 2441 peragentes
681 2403 772 2430 una
806 2389 1101 2437 conueniunt,
1146 2390 1295 2443 primo
1335 2392 1457 2444 apud
1492 2391 1746 2432 Svenonem

42 2465 84 2497 25
108 2470 259 2511 regem
305 2460 553 2513 epulantes.
626 2461 731 2514 Qui,
778 2462 936 2502 dolum
985 2466 1334 2515 commentatus,
1382 2464 1506 2516 pacis
1553 2464 1749 2517 fideique

109 2530 359 2584 integritate
391 2532 575 2585 uiolata,
616 2538 819 2588 tempore
852 2534 1066 2586 serotino,
1106 2539 1207 2588 post
1239 2548 1454 2588 uesperas
1486 2537 1749 2587 celebratas,

108 2602 339 2645 instructis
378 2605 693 2647 catholicianis
728 2607 909 2646 Kanuto
943 2610 983 2646 et
1014 2607 1311 2648 Waldemaro
1351 2611 1543 2649 mortem
1581 2608 1749 2649 machi-

110 2679 255 2716 natur.
318 2676 539 2718 Extinctis
579 2692 687 2719 uero
728 2678 1036 2719 luminaribus
1078 2680 1311 2720 Kanutum
1359 2680 1578 2734 martyrio
1625 2694 1749 2722 coro-

109 2751 268 2789 nantes
327 2748 666 2792 interemerunt.
764 2751 1112 2791 Waldemarum
1174 2755 1348 2801 autem,
1416 2753 1526 2793 dum
1596 2752 1748 2793 stricto

34 2825 85 2858 ·30
110 2831 329 2862 mucrone
360 2822 644 2863 transfodere
675 2823 958 2875 molirentur,
990 2823 1036 2863 in
1065 2835 1174 2864 coxa
1203 2825 1325 2865 haud
1353 2825 1536 2865 modico
1561 2825 1750 2866 uulnere

110 2932 236 2996 arbii).
325 2949 529 2995 portione.
623 2951 685 2987 26.
733 2951 956 2987 comitatus
1003 2950 1099 3000 (pro
1145 2951 1396 3001 c5metatus).
1497 2954 1558 2989 30.
1605 2953 1748 2989 fodere

109 3000 203 3051 (pro
234 3003 430 3055 9fodere).
