2150 3584
392 232 446 271 66
735 241 1008 270 SCRIPTORES
1042 241 1266 269 ffls'romAE
1299 240 1474 268 DANICAE
1506 239 1704 267 MINORES

1187 353 1242 412 X

393 461 649 516 eloquentie
696 460 903 501 doctrina
950 460 1220 502 florentibus
1267 459 1506 500 materiam
1553 445 1860 513 elegantiori<s
1897 459 2035 512 operis

389 519 673 589 prebiturus),
721 534 836 587 stylo
876 533 980 573 licet
1016 533 1201 586 illepido
1240 532 1287 572 in
1331 531 1545 571 Latinum
1593 544 1850 571 sermonem
1892 534 2034 571 trans-

393 607 507 647 ferre
549 607 763 647 conabor.
827 605 1063 655 Quantum
1111 605 1247 645 etiam
1295 605 1352 644 ab
1398 603 1586 644 annosis
1630 607 1748 644 certa
1794 603 2036 643 traditione

393 679 666 731 inuestigare
706 682 926 731 poteram,
970 688 1128 727 regum
1167 676 1453 729 genealogias
1496 687 1832 728 regnorumque
1864 687 2038 715 succes-

348 761 367 790 5
394 751 545 791 siones
586 751 705 791 circa
748 750 884 791 finem
919 749 1057 790 huius
1089 749 1300 802 opusculi
1333 748 1583 801 explicabo.
1646 748 1851 788 Primum
1886 747 2037 800 itaque

395 824 450 864 de
490 824 640 876 legum
681 822 983 863 castrensium
1024 821 1354 872 conditoribus,
1401 820 1493 873 qui,
1540 833 1679 873 quare
1718 824 1759 860 et
1802 819 1879 859 ubi
1920 819 2038 871 leges

396 896 519 936 curie
552 895 852 946 condiderint,
884 895 1099 935 edocebo.

1127 1118 1251 1158 CAP.
1287 1118 1317 1158 I.

496 1351 751 1437 CanutuS,
799 1386 1024 1427 Suenonis
1070 1385 1187 1437 regis
1227 1385 1461 1438 Tygeskeg
1508 1385 1650 1434 filius,
1703 1389 1923 1438 tanquam
1970 1382 2039 1426 leo

400 1459 612 1500 frendens
645 1458 779 1499 auitis
812 1459 982 1512 potitus
1015 1457 1316 1509 successibus,
1350 1470 1455 1498 cum
1488 1457 1546 1497 ab
1575 1457 1728 1498 ultima
1753 1458 1864 1510 Tyle
1896 1470 2041 1511 usque

330 1540 373 1572 10
400 1533 457 1571 ad
491 1532 740 1572 Grecorum
772 1530 1018 1584 imperium
1051 1530 1224 1571 inuicto
1257 1531 1458 1583 quodam
1491 1529 1729 1570 conamine
1760 1529 1940 1582 imperii
1972 1530 2041 1570 sui

400 1604 621 1644 terminos
660 1603 902 1654 magnifice
941 1603 1174 1643 dilatasset
1205 1587 1299 1657 <et>,
1347 1601 1528 1641 uirtutis
1568 1603 1768 1655 potentia
1802 1601 2041 1642 Gerionem

402 1676 651 1729 precellens
672 1675 956 1728 Hesperium,
989 1687 1156 1727 magno
1183 1674 1324 1715 ferme
1355 1660 1484 1729 <par>
1516 1675 1787 1725 Alexandro,
1819 1674 2042 1726 Angliam,

404 1748 701 1800 Noruegiam,
747 1747 978 1788 Sclauiam
1026 1760 1128 1788 cum
1178 1747 1434 1788 Semlandia
1481 1747 1665 1800 proprio
1711 1758 1849 1799 regno
1895 1757 2044 1799 aggre-

403 1825 568 1873 gasset,
626 1820 954 1872 magnitudinis
1006 1819 1257 1873 potentiam
1311 1819 1552 1871 magnifice
1604 1820 1712 1859 satis
1766 1818 2042 1859 sublimauit.

335 1904 376 1934 15
405 1893 495 1943 Qui
528 1905 633 1933 cum
666 1905 826 1933 omnes
855 1892 1230 1933 circumiacentes
1262 1892 1469 1944 regiones
1500 1892 1625 1944 regni
1657 1892 1727 1932 sui
1760 1891 2046 1943 subiugasset

404 1965 611 2018 imperio,
645 1964 752 2005 uiris
785 1978 961 2018 quoque
992 1963 1219 2005 bellicosis
1251 1964 1423 2017 passim
1456 1964 1809 2013 confluentibus,
1845 1976 2043 2017 quorum

404 2051 624 2078 numerus
663 2038 722 2077 ob
761 2037 942 2077 uirtutis
981 2037 1150 2076 famam
1192 2040 1233 2076 et
1264 2036 1452 2076 uictorie
1486 2037 1677 2077 Dodone
1714 2039 1888 2089 poterat
1926 2035 2045 2076 fron-

405 2110 540 2150 dibus
580 2110 851 2162 comparari,
898 2109 976 2163 qui
1023 2122 1069 2149 se
1109 2109 1312 2149 certatim
1346 2108 1749 2162 incunctanterque
1795 2121 1877 2148 suo
1915 2109 2045 2149 dede-

406 2183 517 2222 bant
542 2181 762 2233 hominio,
796 2194 900 2222 cum
925 2181 969 2221 in
996 2185 1087 2221 tam
1113 2193 1358 2221 numerosa
1383 2181 1517 2221 turba
1549 2167 1581 2235 <,
1616 2166 1717 2234 que>
1750 2181 2045 2232 confluxerat,

337 2266 379 2297 20
406 2254 504 2308 pari
551 2254 717 2294 uirtute
756 2254 925 2295 clarere
964 2266 1056 2294 non
1096 2253 1288 2307 liqueret
1327 2256 1472 2293 tamen
1512 2253 1763 2305 uniuersos,
1811 2253 1942 2305 Regis
1988 2253 2045 2292 ad

407 2328 496 2367 hoc
535 2327 720 2366 tandem
761 2325 1010 2366 declinauit
1047 2325 1251 2377 intentio,
1299 2329 1346 2366 ut
1389 2325 1586 2366 militum
1625 2326 1875 2376 cohortem,
1921 2324 2047 2378 prius

410 2400 545 2440 uelud
592 2398 751 2439 ordine
797 2398 989 2439 confuso
1035 2398 1093 2438 ab
1139 2398 1338 2438 inuicem
1386 2411 1478 2438 non
1525 2398 1873 2451 discrepantem,
1922 2397 2047 2437 iuxta

408 2471 675 2511 meritorum
723 2470 989 2523 qualitatem
1036 2474 1077 2510 et
1115 2469 1337 2510 uirtutum
1384 2470 1710 2523 experientiam
1749 2479 1976 2521 segregare
2012 2470 2049 2508 ei

409 2557 488 2584 sue
527 2542 821 2583 familiaritati
865 2542 1029 2583 uirtute
1070 2542 1391 2595 prestantiores
1432 2542 1676 2583 decreuerit
1713 2540 2046 2595 approximare,

341 2626 382 2657 25
410 2620 459 2656 ut
504 2615 589 2656 sibi
637 2614 924 2655 familiariori
970 2615 1098 2654 modo
1144 2614 1396 2666 ascisceret,
1447 2628 1562 2668 quos
1609 2613 1860 2655 stemmatis
1905 2612 2047 2652 titulis

411 2688 570 2728 llorere
616 2686 836 2727 didicerat
881 2687 1241 2739 facultatumque
1288 2686 1431 2739 copiis
1479 2687 1746 2731 exuberare,
1794 2689 1842 2726 ut
1887 2683 2050 2738 potiori

411 2759 593 2800 oriundi
640 2758 851 2812 prosapia
902 2759 1079 2799 uirtutis
1120 2758 1297 2811 apicem
1342 2762 1629 2812 capescerent
1676 2762 1717 2798 et
1763 2756 2047 2810 locupletiori

411 2831 592 2872 educati
630 2831 671 2871 in
711 2831 883 2871 familia
921 2835 1150 2871 armature
1189 2831 1235 2870 in
1268 2831 1397 2871 bellis
1430 2844 1520 2871 non
1553 2831 1842 2871 afficerentur
1879 2828 2047 2882 inopia.

500 2961 607 2996 8-9.
640 2959 704 2995 leo
737 2959 945 3003 frendens⁷
976 2959 1045 3004 cfr.
1078 2958 1193 2994 Isaioe
1225 2959 1259 3001 5,
1279 2959 1344 2995 29.
1408 2959 1443 2994 9.
1478 2959 1528 2994 ab
1563 2959 1726 2994 virtutis
1755 2957 1856 3004 Tyle
1887 2955 2048 3006 (ultima

413 3017 557 3061 Thule,
582 3016 651 3062 cfr.
677 3016 815 3061 Vei-qil.
835 3016 971 3061 Gom-51.
992 3016 1020 3060 I,
1040 3014 1118 3063 30).
1185 3017 1245 3052 10.
1270 3016 1453 3062 quodam
1479 3016 1628 3051 omine.
1692 3016 1750 3050 13.
1777 3014 2048 3050 Finlandiam.

417 3076 477 3110 14.
510 3074 759 3119 subiugauit.
826 3074 883 3108 16.
918 3073 1078 3118 iurisq;.
1145 3074 1204 3107 18.
1240 3074 1566 3118 inc-unctamque
1596 3071 1667 3121 (sic
1697 3071 1852 3118 syllaba
1880 3082 1925 3106 er
1947 3080 2050 3115 soepe
