2150 3584
318 1117 358 1148 10

316 2018 354 2048 15

312 2380 353 2409 20

386 229 438 267 74
726 241 1000 272 SCRIPTORES
1034 244 1259 274 HISTORIAE
1291 247 1466 274 DANICAE
1498 247 1697 276 MINORES

1177 357 1233 417 X

384 473 521 513 quem
578 461 804 502 obstinata
862 465 1144 518 presumptio
1197 465 1337 505 ternis
1391 465 1739 518 incorrigibilem
1800 468 2027 508 notauerit

385 532 665 585 excessibus,
722 538 763 574 et
808 535 1073 589 resipiscere
1119 538 1457 590 detrectauerit,
1516 542 1768 580 extremum
1816 540 2025 580 omnium

384 604 632 645 locandum
679 610 934 648 statuerunt
979 612 1021 649 et
1066 622 1148 662 pro
1186 609 1373 650 arbitrio
1418 611 1661 651 cuiuslibet
1698 611 1880 652 ossibus
1922 625 2023 652 eum

384 676 661 718 iactandum.
719 679 797 719 llle
830 680 965 720 etiam
998 681 1044 721 in
1078 685 1187 734 potu
1221 682 1415 735 ciboque
1447 683 1620 723 nemini
1653 683 2026 736 communicabit,

385 762 467 789 suo
500 750 625 790 solus
658 751 809 792 catino
842 757 1082 793 contentus
1115 757 1157 794 et
1188 755 1367 807 poculo.
1412 756 1636 807 Attamen,
1670 755 1706 796 si
1738 756 1854 808 regis
1880 756 2027 797 cuius-

385 821 508 873 piam
540 823 654 863 adeo
687 824 916 865 calumnie
948 826 1231 878 patronisare
1262 827 1511 867 decreuerit
1539 827 1817 880 excellentia,
1849 832 1898 868 ut
1921 841 2027 868 eum

385 893 530 946 prime
577 895 671 935 sedi
718 897 887 937 locaret
932 898 1236 938 collateralem
1295 911 1397 938 eum
1447 899 1533 939 sibi
1580 899 1918 952 constituendo,
1974 914 2027 941 ex

385 965 603 1020 principis
643 969 726 1008 hoc
763 969 801 1009 ei
838 970 1077 1010 clementia
1110 970 1335 1023 indulgeri
1367 976 1702 1024 concesserunt,
1748 973 1836 1013 hac
1872 977 2026 1013 tamen

384 1039 560 1080 adiecta
618 1041 899 1093 conditione,
961 1046 1010 1082 ut
1063 1043 1120 1083 ab
1177 1043 1305 1084 omni
1359 1043 1723 1085 commilitonum
1770 1049 2027 1097 segregatus

385 1111 684 1153 amminiculo
718 1126 742 1153 a
775 1113 938 1166 prioris
969 1113 1081 1154 iuris
1114 1113 1390 1166 obligatione
1422 1101 1567 1169 <esset>
1600 1120 1825 1169 exceptus.

1090 1454 1212 1495 CAP.
1247 1454 1318 1495 VI.

476 1683 587 1762 Sed
623 1732 728 1759 cum
761 1721 816 1760 de
848 1720 1003 1760 multis
1036 1721 1107 1761 lex
1139 1724 1256 1761 esset
1287 1721 1527 1761 statuenda
1561 1721 1766 1773 negotiis,
1806 1734 1832 1761 a
1863 1721 2027 1774 princi-

382 1792 473 1845 pali
513 1791 729 1844 dignitate
771 1792 880 1844 legis
927 1792 1164 1833 inchoauit
1210 1793 1476 1846 primordia,
1524 1797 1573 1833 ut
1605 1793 1710 1846 ipse,
1757 1797 1894 1847 prout
1932 1793 2026 1834 suis

381 1865 577 1905 formam
634 1864 932 1917 prescriberet
993 1869 1034 1905 et
1085 1865 1367 1919 obsequendi
1423 1865 1760 1918 necessitatem,
1822 1866 1881 1906 ita
1944 1879 2025 1906 sua

381 1935 701 1977 familiaritatis
726 1936 865 1988 gratie
890 1937 1208 1978 conformaret.
1256 1937 1432 1977 Placuit
1455 1937 1591 1989 igitur
1617 1923 1862 1990 excerci<lu
1885 1950 2025 1989 reyem

381 1994 677 2062 comi>tatum,
720 2009 793 2048 uel
825 2022 960 2061 quem
994 2010 1122 2050 decet
1153 2010 1313 2050 eodem
1348 2010 1520 2049 honore
1553 2009 1702 2062 potiri,
1745 2009 2024 2061 fidelitatem,

381 2093 521 2134 quam
568 2080 723 2132 exigit,
784 2082 877 2121 suis
933 2082 1201 2122 hominibus
1248 2085 1468 2134 prestare,
1531 2082 1683 2122 uultus
1734 2081 2023 2134 hylaritatem

381 2153 593 2193 exhibere
618 2153 984 2206 affabilitatisque
1009 2154 1198 2205 gratiam
1225 2153 1397 2194 nemini
1424 2165 1598 2206 negare.
1647 2153 1796 2206 Opere
1820 2153 2025 2206 precium

383 2225 517 2265 etiam
557 2225 638 2265 fuit
677 2226 928 2278 adnectere,
977 2230 1025 2265 ut
1065 2225 1290 2279 stipendia
1339 2226 1560 2266 militibus
1608 2225 1715 2278 suis,
1763 2238 1867 2266 curn
1916 2239 2027 2266 usus

382 2297 454 2337 uel
486 2298 731 2338 necessitas
764 2298 1092 2351 postulauisset,
1134 2298 1230 2339 sine
1263 2311 1391 2338 mora
1423 2298 1641 2352 oninique
1673 2297 2027 2338 contradictione

379 2372 553 2409 remota
596 2370 884 2421 ministraret,
933 2374 994 2418 ut,
1036 2375 1247 2424 percepto
1281 2384 1419 2411 censu
1453 2369 1763 2423 stipendiario,
1810 2369 2026 2410 bonitatis

381 2428 460 2497 <εἰ>
501 2443 791 2495 benignitatis
833 2443 1033 2484 dominis
1069 2443 1164 2484 suis
1197 2443 1345 2484 uicem
1379 2442 1592 2483 homines
1624 2445 2027 2495 recumpensantes

381 2515 536 2556 fideles
590 2515 831 2556 existerent
883 2516 1164 2556 omnimodis
1226 2528 1476 2568 eorumque
1538 2514 1821 2555 iussionibus
1879 2513 2025 2567 parati

380 2588 695 2641 obtemperare
727 2592 769 2628 et
800 2588 1022 2641 preceptis
1055 2601 1146 2628 non
1182 2588 1541 2641 supersederent.
1605 2587 1793 2626 Frustra
1825 2599 2025 2640 namque

381 2659 524 2712 exigit,
559 2660 648 2712 qui,
681 2660 802 2714 quod
838 2661 982 2713 debet,
1016 2674 1108 2701 non
1142 2660 1378 2714 impendit.

469 2794 502 2828 1.
538 2792 813 2838 morigibilem
847 2790 942 2839 (pro
974 2790 1279 2840 inorigibilem).
1342 2792 1375 2827 8.
1409 2792 1611 2838 principis
1642 2791 1768 2826 huius
1794 2790 2025 2825 clementia.

382 2852 415 2886 9.
447 2849 779 2885 comulationum
819 2861 848 2885 s.
888 2850 1088 2885 annundo
1128 2851 1223 2896 (pro
1249 2849 1475 2893 aminicto).
1562 2849 1622 2883 12.
1665 2850 1806 2894 vtpote
1848 2849 1944 2892 (pro
1984 2849 2025 2882 vt

380 2909 468 2953 ipe).
541 2907 602 2943 13.
636 2918 710 2942 sua
735 2921 778 2936 z
801 2917 875 2941 sua
908 2909 997 2941 acta
1031 2906 1108 2951 (sin
1141 2917 1237 2953 egen
1272 2905 1410 2950 Foerd).
1487 2906 1546 2941 14.
1578 2905 1704 2950 igitur
1734 2904 2022 2940 excercitatus.

385 2965 444 3000 16.
493 2964 645 2999 multis.
753 2964 812 2999 17.
871 2963 1127 3009 affinitatis‹1;
1185 2963 1358 3009 gratiam
1416 2973 1509 2998 eum
1565 2960 1659 3009 (pro
1714 2960 1828 3007 gram
1884 2958 2022 3007 neini).

385 3023 445 3057 19.
480 3021 720 3068 postulauit.
799 3031 897 3055 cura
932 3020 1124 3056 dictione.
1201 3021 1263 3056 24.
1297 3020 1430 3065 exigui
1464 3019 1589 3065 quod.
