2150 3584
59 1048 98 1080 10

55 1410 92 1442 15

49 1774 90 1805 20

46 2135 88 2166 25

45 2498 87 2530 30

266 167 484 196 stNoNis
516 167 709 196 AGGONis
743 167 844 195 rimi
882 168 1038 197 Bnssvls
1072 168 1281 198 flisromA
1318 170 1466 198 REGVM
1502 171 1632 199 nAcffi
1696 161 1774 200 119

935 280 973 341 S

133 388 364 430 seruitutis
395 388 551 441 iugum
585 388 883 441 intolerabile,
930 389 1165 442 popularis
1207 390 1325 443 cepit
1362 391 1578 432 efferuere
1611 393 1775 432 tumul-

131 465 216 514 tus,
249 461 363 502 adeo
396 464 444 501 ut
475 461 626 514 ipsum
660 472 807 513 regem
844 461 972 514 plebs
1004 460 1165 501 insana
1199 473 1336 514 regno
1369 463 1620 516 expelleret.
1684 465 1771 515 Qui

130 546 265 574 cursu
299 533 431 574 celeri
464 533 617 585 fugam
650 533 873 586 arripiens
904 532 1113 586 (pedibus
1146 534 1265 574 enim
1301 534 1437 574 timor
1464 535 1638 575 addidit
1663 537 1773 587 alas)

130 605 186 646 ad
214 605 443 647 Sclauiam
472 619 615 659 usque
639 606 854 659 profugus
877 606 1176 656 commeauit,
1211 606 1363 661 ibique
1393 620 1501 659 pace
1535 608 1769 661 impetrata

129 678 304 732 primus
337 678 495 718 urbem
529 678 745 718 fundasse
777 678 956 730 dicitur,
1002 691 1090 732 quc
1125 678 1423 731 Hynnisburg
1467 685 1769 733 nuncupatur.

130 750 270 792 Cuius
304 749 454 791 menia
486 750 544 791 ab
576 750 886 804 archipresule
904 750 1133 791 Absalone
1160 762 1240 803 ego
1261 751 1407 791 Sveno
1433 752 1529 792 solo
1556 754 1769 805 conspexi

127 823 296 877 equari.
346 823 449 873 Quo
482 823 691 863 exulante
725 822 845 863 filius
879 822 923 862 in
957 834 1094 875 regno
1125 827 1389 875 surrogatur
1417 824 1578 873 Sveno,
1612 837 1772 876 cogno-

130 894 250 936 mine
282 895 548 948 Tiugeskeg,
596 895 673 949 qui
714 899 868 936 sancte
901 895 1135 936 Trinitatis
1177 896 1330 947 fidem,
1377 909 1515 949 quam
1554 898 1770 949 profugus

125 971 277 1008 tamen
305 971 430 1021 pater
455 967 695 1020 abiecerat,
729 981 865 1008 uerus
897 967 969 1008 dei
1001 968 1148 1009 cultor
1179 969 1418 1021 amplexus
1452 973 1530 1019 est,
1564 969 1769 1023 sacrique

124 1039 411 1093 baptismatis
447 1041 569 1080 unda
609 1043 793 1081 renatus
836 1040 963 1080 uerbi
1004 1040 1150 1080 diuini
1184 1040 1360 1081 semina
1394 1054 1472 1094 per
1505 1041 1765 1082 uniuersam

122 1111 353 1164 regionem
398 1112 638 1166 propagari
683 1112 825 1153 iussit.
890 1113 1111 1154 Successu
1157 1117 1417 1166 temporum
1460 1113 1769 1154 interueniunt

122 1184 266 1237 legati,
299 1185 376 1238 qui
409 1197 596 1238 operam
627 1184 800 1237 darent,
833 1189 880 1226 ut
913 1184 1141 1226 discordia
1174 1185 1290 1227 inter
1322 1190 1497 1239 patrem
1531 1190 1571 1226 et
1606 1187 1766 1232 filium,

121 1257 242 1310 regio
288 1261 552 1310 regnantem
600 1256 734 1309 solio,
787 1262 940 1298 exorta
997 1259 1054 1299 ad
1110 1258 1405 1299 concordiam
1462 1263 1764 1300 reuocaretur.

121 1329 287 1370 Statuit·
321 1329 456 1382 igitur
488 1330 635 1371 Sveno
668 1342 759 1382 rex,
807 1334 853 1370 ut
893 1334 1019 1383 pater
1058 1343 1164 1371 cum
1201 1330 1350 1372 Slauis
1391 1331 1475 1372 sibi
1520 1331 1565 1371 in
1600 1332 1765 1372 Grone—

119 1402 237 1442 sund
269 1402 324 1443 de
354 1415 464 1455 pace
489 1403 725 1443 tractanda
752 1407 1019 1444 occurreret.
1068 1404 1171 1454 Quo
1198 1416 1303 1444 cum
1331 1416 1407 1444 rex
1435 1404 1490 1444 ad
1517 1404 1763 1444 terminum

119 1473 416 1515 constitutum
471 1487 576 1515 cum
626 1475 862 1515 Danorum
917 1475 1116 1517 exercitu
1162 1475 1443 1527 aduenisset,
1499 1476 1639 1529 patris
1686 1476 1763 1517 diu

119 1547 392 1600 prestolatur
431 1548 696 1588 aduentum.
761 1548 936 1589 Interea
970 1548 1199 1589 Haraldus
1241 1548 1474 1601 profugus,
1521 1548 1761 1589 cuiusdam

119 1619 336 1660 Palnonis
365 1619 529 1671 Tokki,
560 1619 808 1660 consiliarii
841 1620 926 1672 sui,
959 1621 1245 1673 suggestione
1278 1621 1493 1670 monitus,
1527 1621 1762 1662 liburnum

116 1691 255 1732 remis
286 1692 573 1746 aptissimam
606 1692 692 1733 sibi
724 1692 970 1745 fabrefecit,
1003 1706 1143 1748 quam
1177 1693 1328 1734 nautis
1361 1693 1574 1733 instruxit
1602 1694 1763 1747 proba-

116 1763 324 1816 tissimis,
381 1765 455 1805 cui
501 1768 543 1806 et
587 1765 939 1817 gubernatorem
986 1766 1173 1819 prefecit
1218 1766 1444 1819 prefatum
1495 1766 1762 1817 Palnonem,

116 1836 193 1890 qui
225 1837 316 1889 regi
348 1837 613 1878 festinanter
641 1838 924 1878 accelerabat
948 1851 1197 1879 occurrere.
1248 1839 1290 1878 Is
1315 1851 1420 1879 cum
1445 1839 1503 1879 ad
1523 1839 1758 1879 Danorum

117 1909 399 1962 peruenisset
458 1909 726 1962 exercitum,
788 1910 1009 1951 ordinatis
1066 1924 1145 1964 per
1204 1911 1328 1951 foros
1380 1911 1539 1963 remis,
1600 1911 1758 1951 dolum

115 1985 471 2035 commentatus,
531 1982 724 2036 puppim
785 1995 916 2023 suam
973 1983 1116 2037 puppi
1169 1983 1285 2035 regis
1340 1983 1470 2024 iussit
1523 1983 1757 2036 applicari.

115 2053 295 2104 Quibus
349 2054 413 2095 sic
465 2054 687 2095 ordinatis
740 2054 888 2108 prima
938 2055 1227 2097 illucescente
1282 2068 1448 2097 aurora
1505 2067 1654 2108 regem
1712 2057 1756 2096 in

112 2125 353 2167 reclinario
395 2127 699 2168 dormientem
743 2128 861 2168 clam
908 2127 1134 2169 excitauit.
1203 2128 1558 2181 Expergefactus
1604 2132 1755 2169 autem

113 2210 190 2238 rex
220 2198 487 2249 sciscitatur,
520 2199 743 2253 quidnam
771 2204 898 2240 esset.
954 2200 1115 2252 »Nos«,
1147 2200 1307 2254 inquit,
1346 2200 1512 2254 »patris
1537 2200 1602 2240 tui
1625 2201 1757 2253 legati

113 2283 293 2323 sumus,
339 2272 397 2312 ad
443 2275 485 2312 te
531 2272 586 2312 de
633 2284 744 2325 pace
789 2273 1027 2313 tractanda
1074 2273 1372 2314 transmissi«
1467 2273 1602 2323 Quod
1650 2286 1755 2313 cum

112 2342 357 2395 didicisset,
404 2343 545 2397 patris
585 2347 752 2384 statum
793 2343 1054 2396 diligentius
1093 2345 1282 2398 cupiens
1321 2345 1578 2399 percontari
1617 2346 1754 2399 paulo

113 2418 236 2455 extra
261 2416 394 2456 nauis
420 2418 731 2469 suggrundam
755 2420 893 2470 caput
918 2417 1126 2457 exseruit.
1175 2417 1324 2468 Quem
1349 2417 1471 2458 illico
1495 2421 1756 2471 pretaxatus

113 2487 256 2528 Palno
289 2488 405 2529 Toki
437 2502 518 2542 per
549 2502 682 2530 aures
715 2493 756 2529 et
788 2488 978 2542 capillos
1010 2488 1275 2542 corripiens,
1311 2489 1414 2530 licet
1444 2489 1609 2530 frustra
1642 2490 1756 2530 reni-

112 2562 292 2612 tentem,
339 2560 385 2601 in
424 2574 555 2602 suam
588 2561 762 2613 nauim,
807 2564 917 2600 tunc
949 2560 1189 2613 potentior,
1233 2562 1415 2602 attraxit
1445 2561 1666 2611 inuitum3
1714 2566 1754 2602 et

111 2633 324 2684 quamuis
351 2633 606 2686 pauxillum
631 2634 830 2674 clamore
862 2636 1173 2686 perstreperet,
1205 2633 1364 2674 ceteris
1395 2633 1565 2686 ignaris
1598 2634 1753 2674 ualido

110 2715 341 2746 remorum
383 2705 587 2759 impulsu
625 2705 780 2758 fugam
813 2705 1132 2746 uehementius
1164 2706 1464 2756 accelerabat3
1513 2719 1595 2746 nec
1626 2705 1753 2759 prius

111 2893 174 2929 24.
219 2895 346 2930 remis
385 2895 589 2942 populum
635 2894 732 2944 (pro
771 2901 904 2942 puppi
946 2893 1081 2944 suam).
1172 2896 1237 2932 25.
1277 2896 1435 2943 populi.
1528 2896 1591 2932 29.
1633 2896 1750 2942 prius

108 2948 219 3044 {gg-gs
241 2949 351 3000 pfis).
441 2952 504 2989 32.
536 2953 796 2990 retinentem.
889 2953 987 2989 naui
1026 2956 1137 2990 tunc.
1229 2953 1291 2989 34.
1335 2954 1531 2999 ignarisq:
1566 2953 1750 2989 nescien-
