2150 3584
553 227 847 255 COMPENDWM
881 226 1078 255 saxonis.
1128 226 1209 254 L113.
1245 227 1272 253 11
1652 213 1733 252 235

51 341 61 346 ’
98 347 279 397 propter
324 344 412 383 hoc
458 342 651 382 emenda
700 341 767 380 vel
815 340 1061 380 satisfactio
1102 344 1376 392 sequeretur.
1457 339 1554 378 Hiis
1600 338 1733 390 gestis

97 429 198 457 cum
234 415 478 462 didicisset,
510 414 631 467 quod
668 413 899 466 propriam
935 413 1074 452 liliam
1109 412 1418 463 cognouisset,
1453 424 1529 463 pre
1563 411 1735 463 pudore

98 488 289 542 patriam
323 486 585 539 relinquens
617 485 661 525 in
687 485 858 525 oriente
885 486 1179 538 postmodum
1209 485 1486 524 morabatur.
1534 483 1735 535 Opinati-

97 565 168 602 tur
202 556 444 626 <q11idam>,
476 558 597 612 quod
633 561 815 611 propter
839 557 1011 597 dictum
1043 557 1271 608 flagicium
1300 556 1383 595 sibi
1411 556 1733 608 exprobratum

99 632 281 686 proprio
313 630 463 682 gladio
496 644 542 671 se
574 630 775 683 peremit.
839 629 939 681 [Hic
971 629 1128 669 dicunt
1160 630 1363 682 quidam,
1399 629 1518 681 quod
1554 627 1737 675 Atislus‚

97 705 175 758 qui
216 703 498 744 Hodbroddo
547 702 660 755 patri
706 702 752 741 in
794 702 964 742 Swecia
1012 701 1249 752 successit,
1296 701 1598 741 auarissimus
1644 703 1738 739 erat

97 778 302 830 adeoque
334 775 662 828 intemperatus
686 774 731 814 in
760 778 883 827 potu,
917 778 960 814 vt
985 788 1036 814 ex
1064 774 1204 813 nimia
1232 774 1444 814 ebrietate
1470 773 1514 812 in
1542 785 1737 824 sompno

98 850 347 890 suffocatus
394 847 658 900 turpissima
700 851 844 887 morte
887 847 1025 887 vitam
1070 845 1246 897 finiuit]
1326 847 1426 885 Fuit
1460 849 1610 885 autem
1646 847 1738 883 toto

101 926 303 974 tempore
335 920 480 973 ipsius
514 919 683 960 Swecia
717 919 860 960 Danis
891 919 1128 959 tributaria
1163 923 1202 958 et
1235 918 1451 958 subiecta.

184 994 255 1035 VI.
319 992 513 1044 Helgoni
545 992 764 1032 suecessit
797 993 998 1043 Roluo,
1042 992 1163 1031 tilius
1195 1004 1320 1042 suus,
1360 990 1452 1043 qui,
1499 989 1615 1029 sicut
1647 1001 1739 1028 cor-

100 1079 208 1120 pore
240 1078 471 1119 procerus,
504 1065 563 1105 ita
596 1064 752 1104 animo
787 1076 980 1116 magnus
1014 1064 1108 1105 fuit.
1157 1064 1298 1105 Cuius
1325 1062 1608 1115 temporibus
1634 1073 1739 1101 cum

101 1138 269 1180 Sweeia
292 1137 433 1178 Danis
459 1137 725 1188 subiaceret,
759 1137 941 1187 Atislus,
976 1135 1265 1177 Hothbroddi
1302 1135 1436 1186 filius,
1470 1138 1514 1174 vt
1548 1133 1739 1186 patriam

100 1211 309 1252 callidius
348 1210 580 1261 liberaret,
627 1214 818 1250 matrem
866 1209 1086 1250 Roluonis
1118 1209 1281 1248 Vrsam
1329 1207 1415 1247 sibi
1463 1207 1507 1246 in
1556 1219 1739 1246 vxorem

103 1283 386 1337 procuranit:
419 1282 483 1322 sic
516 1282 637 1322 enim
672 1286 856 1335 propter
887 1282 1157 1322 affinitatem
1183 1280 1326 1321 cicius
1357 1280 1577 1319 tributum
1603 1279 1742 1318 relax-

101 1356 274 1399 andum
321 1355 511 1408 putauit.
590 1354 676 1395 Hic
721 1354 1023 1395 auarissimus
1070 1354 1176 1403 fuit;
1233 1357 1414 1406 propter
1461 1352 1583 1406 quod
1630 1351 1740 1390 Vrsa

101 1428 384 1470 connubium
413 1427 509 1468 eius
533 1428 762 1467 detestans
786 1427 1097 1467 fraudulenter
1121 1426 1299 1478 rogauit
1322 1425 1486 1472 virum,
1520 1428 1563 1463 vt
1588 1422 1744 1463 multis

104 1500 371 1541 muneribus
425 1500 664 1554 promissis
718 1499 863 1539 filium
922 1512 1056 1539 suum
1115 1499 1368 1539 Roluonem
1429 1497 1474 1537 in
1523 1496 1740 1537 Sweciam

102 1573 327 1623 inuitaiet,
374 1577 419 1614 vt
451 1573 515 1613 sic
547 1572 880 1612 relaxacionem
913 1572 1069 1611 tributi
1102 1571 1280 1611 facilius
1319 1569 1598 1623 optinerent3
1645 1568 1741 1620 ipsa

103 1650 254 1686 autem
295 1659 374 1698 per
414 1647 502 1686 hoc
539 1645 788 1697 cogitabat,
834 1648 880 1684 vt
920 1644 1069 1684 virum
1112 1643 1375 1697 relinquens
1417 1654 1519 1682 cum
1564 1641 1658 1680 filio
1699 1640 1742 1679 in

105 1718 298 1771 patriam
327 1718 502 1758 rediret.
551 1717 698 1758 Roluo
721 1716 857 1768 igitur
881 1716 927 1756 in
947 1717 1165 1757 Sweciam
1194 1715 1381 1756 veniens
1414 1727 1518 1754 cum
1552 1714 1742 1754 domum

104 1791 232 1831 Atisli
264 1790 469 1843 intraret,
510 1803 534 1830 a
578 1794 721 1830 matre
758 1789 912 1842 ipsum
945 1788 1174 1829 nesciente
1206 1787 1362 1828 cibum
1395 1787 1565 1840 petiuit.
1644 1786 1746 1836 Qua

105 1863 328 1914 hortante,
358 1866 405 1903 vt
435 1876 459 1903 a
492 1873 593 1914 rege
626 1862 872 1915 prandium
906 1865 1086 1914 peteret,
1126 1860 1317 1913 rogauit,
1364 1864 1409 1900 vt
1442 1859 1602 1899 saltem
1636 1858 1745 1898 lace-

105 1939 250 1975 ratam
297 1939 471 1988 partem
511 1934 646 1975 vestis
689 1947 769 1974 sue
808 1946 1029 1974 consuere
1073 1933 1347 1985 dignaretur.
1425 1931 1633 1983 Cumque
1665 1942 1748 1969 nec

107 2008 193 2048 hoc
224 2007 370 2047 facere
401 2007 547 2059 vellet,
579 2006 691 2046 dixit
717 2007 877 2058 Roluo,
911 2005 1143 2046 difficilem
1171 2018 1267 2045 esse
1292 2004 1549 2044 amiciciam
1577 2015 1746 2050 veram,

107 2091 211 2119 cum
246 2079 339 2120 filio
372 2082 516 2119 mater
547 2078 722 2131 cibum,
770 2078 894 2118 fratri
938 2091 1067 2118 soror
1109 2077 1271 2118 suendi
1312 2076 1517 2118 osticium
1552 2078 1746 2126 negaret.

109 2151 248 2202 Igitur
279 2151 391 2191 Vrsa
423 2151 575 2204 ipsum
609 2162 938 2203 recognoscens
970 2150 1017 2190 in
1050 2150 1314 2202 amplexum
1340 2148 1438 2188 eius
1467 2148 1568 2189 ruit,
1617 2147 1750 2188 Cum-

195 2303 230 2335 4.
262 2299 433 2345 quidam
458 2298 600 2334 addidi
622 2309 671 2334 ex
686 2298 857 2334 Saxone.
919 2299 953 2335 5.
979 2298 1147 2344 perimit
1164 2298 1207 2333 A.
1271 2297 1347 2333 Hic
1373 2297 1518 2332 dicunt
1542 2299 1634 2332 eto:
1667 2295 1752 2330 haec

107 2355 258 2402 partlm
290 2367 339 2392 ex
369 2356 450 2392 alio
472 2355 648 2391 Saxonis
675 2356 760 2391 loco
793 2356 847 2401 (p.
876 2355 948 2392 121
975 2356 1031 2391 ed.
1058 2354 1188 2399 Man.)
1221 2357 1383 2400 sumpta
1416 2355 1529 2393 sant.·
1561 2353 1629 2388 sed
1659 2363 1751 2387 cum

65 2419 67 2421 '
106 2413 223 2459 prior
248 2424 347 2459 pars
378 2423 530 2457 eoram,
571 2424 660 2459 (111ae
691 2412 892 2456 dicuntur,
929 2413 1055 2458 paulo
1084 2414 1177 2458 post
1206 2411 1360 2458 aptiore
1389 2411 1473 2446 Ioco
1507 2410 1677 2454 iteretur,
1718 2412 1753 2445 et

110 2471 264 2516 reIIqua
295 2472 396 2506 certe
426 2470 502 2506 Iioc
530 2470 618 2507 loco
640 2481 791 2516 parum
818 2472 908 2516 apte
931 2471 1310 2508 commemorentur.
1344 2467 1502 2505 auctori
1523 2467 1754 2513 compendii

110 2538 193 2562 non
234 2526 368 2563 deberi
405 2527 508 2562 milti
542 2537 784 2572 persuasam
823 2529 891 2570 est,
937 2526 1005 2562 sed
1044 2536 1094 2562 ex
1132 2528 1229 2562 nota
1267 2526 1405 2571 aliqua
1447 2524 1673 2570 1nar91'nali
1712 2523 1752 2559 ιή

112 2586 261 2620 textum
294 2584 508 2630 irrepsisse.
571 2585 606 2620 6.
639 2583 757 2619 verba
790 2584 861 2630 qui
881 2613 886 2619 .
906 2613 912 2619 .
931 2594 1044 2619 auar.
1076 2587 1164 2619 erat
1195 2594 1273 2619 om.
1303 2583 1349 2618 D.
1410 2583 1432 2618 6
1455 2580 1550 2629 (15).
1583 2581 1753 2616 amaris—

111 2641 242 2677 simus
273 2641 350 2677 AS.
420 2642 453 2677 7.
486 2641 590 2677 adeo
624 2641 662 2676 S.
731 2643 765 2677 8.
799 2641 924 2676 vitam
958 2651 1035 2676 om.
1068 2641 1118 2684 A;
1150 2641 1242 2676 ante
1273 2643 1382 2685 turp.
1414 2638 1534 2674 habet
1565 2638 1603 2674 S.
1670 2641 1753 2673 tato

112 2701 299 2744 tempore
317 2699 363 2734 V.
427 2699 461 2734 9.
489 2698 644 2734 Swecia
666 2700 759 2744 post
780 2698 967 2734 subiecta
990 2697 1110 2733 habet
1126 2697 1165 2733 S.
1229 2697 1290 2733 10.
1313 2696 1527 2742 Inscriptio
1552 2696 1593 2731 in
1611 2696 1660 2730 A:
1695 2695 1754 2731 De

115 2754 219 2801 Rege
248 2755 455 2791 Roluone:
487 2757 523 2791 et
553 2755 593 2791 in
628 2765 777 2800 mara:
809 2765 901 2790 xm:
935 2752 1046 2801 Ro(!)
1079 2754 1218 2800 Helgis
1253 2756 1331 2790 son.
1366 2775 1406 2778 —
1441 2753 1575 2789 Roluo
1605 2763 1683 2788 om.
1710 2753 1754 2787 D.

114 2812 223 2848 tilius
248 2813 337 2848 eius
357 2813 403 2848 D.
463 2812 581 2848 sicud
607 2812 744 2857 (sicut)
769 2812 890 2856 DVS;
922 2811 999 2847 fuit
1016 2812 1048 2847 A
1079 2810 1243 2859 (omisso
1269 2811 1309 2846 in
1333 2821 1415 2856 sqq.
1443 2808 1544 2857 fuit).
1610 2811 1670 2845 11.
1699 2809 1754 2844 ita

114 2873 152 2904 et
183 2869 323 2905 animo
348 2870 392 2905 A.
456 2870 517 2905 12.
551 2869 707 2905 SwecIa
739 2880 816 2905 om.
843 2869 888 2904 D.
948 2868 1279 2909 hothbroddiV;
1311 2868 1425 2903 hotb.
1452 2869 1504 2911 Ag
1536 2867 1686 2903 hodbr.
1716 2866 1756 2909 S,

114 2928 150 2961 et
185 2926 242 2961 sic
276 2936 379 2972 soepe
411 2926 604 2962 variatur.
684 2927 847 2965 17-18,
881 2925 923 2961 in
957 2927 994 2962 S.
1029 2923 1286 2972 amitterem)
1312 2924 1351 2960 S.
1430 2925 1490 2960 19.
1522 2927 1564 2959 vt
1595 2934 1672 2959 om.
1704 2924 1757 2968 A;

112 2985 204 3028 post
246 2983 489 3030 relinquens
535 2982 655 3019 habet
699 2983 738 3019 S.
848 2983 1013 3018 20—21.
1060 2982 1229 3028 quando
1277 2982 1448 3017 domurn
1495 2981 1670 3016 intraret
1716 2980 1755 3015 S.

116 3039 180 3075 21.
211 3040 300 3086 ipsa
335 3040 374 3076 S.
463 3041 527 3076 22.
559 3043 721 3076 ortante
753 3040 799 3077 V.
890 3039 1035 3075 saltem
1076 3043 1118 3075 vt
1148 3039 1212 3075 AS
1243 3039 1326 3086 (sed
1358 3039 1398 3074 in
1430 3039 1463 3074 A
1494 3048 1642 3073 manus
1674 3037 1755 3072 alla

112 3106 188 3141 pro
234 3097 380 3133 saltem
426 3097 549 3133 deleto
597 3097 637 3133 in
685 3108 816 3143 mary.
861 3107 1050 3134 sororem
1097 3094 1281 3144 scripsit).
1385 3096 1447 3132 24.
1495 3094 1666 3131 difficile
1712 3095 1755 3130 A.

118 3153 181 3189 25.
212 3159 411 3200 negarent
439 3154 492 3199 S;
523 3157 744 3201 negaretur
775 3155 819 3191 A.

1768 998 1808 1028 10

1771 1358 1810 1389 15

1772 1722 1814 1752 20

1775 2085 1817 2115 25
