2150 3584
691 205 952 234 CHRONICON
986 206 1294 235 ROSKILDENSE
1757 198 1811 237 29

169 319 274 359 ditis
328 318 549 359 indicauit
604 322 666 370 et,
720 323 768 359 ut
820 331 980 359 omnes
1035 320 1245 360 meliores
1298 321 1442 373 pridie
1491 321 1644 362 Nonas
1694 322 1807 375 lunij

170 391 381 432 Scaniam
424 391 645 443 uenirent,
693 404 797 432 cum
838 391 964 432 omni
1004 391 1243 443 diligencia
1286 393 1495 446 precepit.
1561 394 1674 434 Nam
1718 408 1811 447 pre-

168 463 289 504 dicto
335 463 530 504 termino
577 467 730 504 sancta
779 463 875 504 dies
922 464 1212 504 Pentecostes
1259 465 1584 505 celebrabatur.
1674 467 1811 518 lgitur

168 537 368 577 secunda
412 535 521 576 feria
569 535 750 577 incaute
789 537 844 577 de
884 535 1082 577 nauibus
1121 537 1418 577 ascendentes
1461 550 1544 578 nec
1582 539 1636 578 de
1675 539 1810 579 rebus

167 608 261 649 suis
294 608 520 661 sapienter
551 608 860 661 disponentes,
893 608 1090 649 occurrit
1122 609 1185 648 eis
1214 609 1405 649 Hericus
1437 622 1541 649 cum
1576 623 1659 650 suo
1692 624 1810 651 exer·
1836 617 1854 646 5

166 680 256 721 citu
304 684 346 720 et
391 680 696 721 inenarrabile
743 684 784 720 et
829 680 1190 733 inrecuperabile
1236 682 1490 734 dampnum
1540 683 1617 722 toti
1667 683 1810 723 Danie

165 752 329 793 intulit.
394 753 493 793 Heu
540 753 737 794 crudelis
781 765 945 804 annus,
992 753 1088 794 dies
1134 766 1305 805 amara,
1353 754 1448 794 dies
1497 755 1668 806 mortis,
1715 756 1810 796 dies

165 825 471 875 tenebrarum,
519 825 756 866 doloribus
790 826 938 879 plena,
985 825 1260 877 singultibus
1298 828 1504 866 onerata!
1570 827 1667 867 Heu
1700 828 1809 875 dies,

165 897 211 937 in
244 910 332 950 qua
365 898 557 949 Magnus
583 897 818 949 occiditur,
851 898 936 938 flos
956 897 1100 938 Danie
1132 897 1425 951 deprimitur!
1475 899 1811 940 Pulcherrimus

166 969 402 1021 iuuenum,
435 969 563 1010 fortis
596 970 772 1021 robore,
808 970 981 1023 hylaris
1012 970 1156 1022 dator,
1189 973 1231 1010 et
1262 970 1444 1023 sapiens
1477 975 1519 1011 et
1549 973 1810 1013 constancie

165 1045 355 1093 amator,
404 1042 597 1094 Magnus
635 1042 858 1082 occiditur
897 1046 938 1083 et
976 1055 1080 1082 cum
1115 1056 1166 1083 eo
1199 1028 1331 1096 <du0>
1364 1043 1502 1083 duces
1535 1047 1575 1084 et
1607 1044 1809 1098 quinque

166 1114 388 1168 episcopi,
451 1115 609 1155 Petrus
658 1114 993 1167 Roskildensis,
1054 1115 1281 1156 Thoricus
1329 1115 1557 1169 Ripensis,
1622 1117 1811 1157 Ketillus

165 1187 565 1239 Westeruicensis,
627 1173 837 1241 <Ulkillus
885 1173 1170 1241 Arusiensis),
1221 1187 1445 1228 Henricus
1491 1189 1708 1241 expulsus
1757 1190 1811 1229 de

166 1259 374 1301 Swethia.
422 1259 679 1312 Adelbyorn
713 1259 1035 1312 Sleswicensis,
1067 1260 1312 1300 insanabili
1346 1261 1535 1301 uulnere
1568 1261 1811 1313 sauciatus,

166 1331 242 1372 uix
273 1344 448 1372 annum
482 1336 523 1373 et
555 1332 799 1373 dimidium
832 1332 1096 1386 superuixit.
1161 1332 1345 1373 Sextum
1379 1336 1547 1384 autem,
1585 1333 1811 1374 Eskillum

164 1403 433 1457 episcopum
482 1390 854 1459 <Viber9ensem>,
913 1405 1095 1445 duobus
1141 1405 1275 1446 annis
1321 1409 1425 1446 ante
1472 1406 1591 1446 istud
1640 1407 1810 1447 bellum

167 1476 357 1517 Hericus
372 1476 477 1517 fecit
489 1477 683 1517 interfici
700 1477 747 1517 in
764 1477 952 1518 ecclesia
967 1477 1315 1518 matutinalibus
1331 1479 1456 1519 horis
1470 1479 1811 1530 inseruientem,

166 1548 318 1589 uirum
351 1549 714 1602 pulcherrimum
748 1553 789 1590 et
821 1549 1232 1603 prudentissimum
1274 1554 1314 1590 et
1347 1551 1518 1604 optime
1550 1552 1810 1592 litteratum.

250 1667 364 1708 XVI.
429 1629 716 1708 Nicholaus
741 1681 852 1709 uero
877 1681 969 1720 rex,
997 1668 1160 1708 uidens
1178 1668 1292 1709 alios
1311 1668 1425 1722 capi,
1451 1669 1565 1709 alios
1592 1669 1810 1710 membris

164 1739 439 1791 detruncari,
485 1740 601 1781 alios
641 1740 848 1787 interfici,
895 1740 1010 1781 alios
1049 1740 1181 1794 aquis
1221 1741 1467 1793 submergi,
1514 1741 1592 1781 uix
1630 1746 1810 1794 arrepto

164 1824 282 1865 equo
329 1825 434 1853 cum
483 1813 686 1853 Haroldo
733 1826 901 1854 nauem
949 1812 1158 1866 optinuit.
1223 1813 1397 1854 Deinde
1444 1814 1500 1853 ad
1549 1813 1809 1854 Selandiam

166 1884 368 1936 ueniens,
400 1888 450 1925 ut
480 1885 639 1938 potuit,
673 1898 781 1926 suos
813 1885 1100 1926 confortauit.
1149 1886 1257 1925 Post
1282 1886 1367 1926 hec
1397 1886 1443 1925 in
1469 1885 1642 1926 luciam
1672 1886 1810 1937 uenit,

164 1959 206 1996 et
244 1956 499 1997 Haroldum
542 1957 808 2011 participem
850 1957 1026 2010 dimidij
1076 1958 1197 2009 regni
1239 1957 1342 1998 fecit
1380 1962 1421 1998 et
1458 1958 1580 2010 regio
1624 1958 1810 1999 nomine

165 2029 445 2070 sublimauit.
516 2030 627 2070 Inde
673 2043 698 2070 a
743 2030 1132 2082 Sleswicensibus,
1179 2030 1268 2070 fide
1314 2031 1419 2070 data
1466 2033 1508 2070 et
1552 2030 1809 2071 iuramento

164 2100 450 2154 confirmata,
496 2102 695 2155 pessima
736 2102 895 2143 fraude
937 2106 1003 2143 est
1041 2103 1271 2155 deceptus,
1318 2106 1359 2142 et
1399 2115 1504 2143 cum
1537 2103 1810 2155 primatibus

165 2173 260 2214 suis
304 2174 498 2215 residuis
537 2174 584 2214 in
625 2175 809 2215 ciuitate
854 2174 1098 2215 infideliter
1144 2174 1406 2215 interfectus
1453 2179 1518 2215 est
1559 2175 1668 2216 .VII.
1711 2176 1807 2215 Kal.

249 2303 285 2338 2.
316 2303 358 2338 in
397 2303 589 2339 Scaniam
624 2304 657 2338 H
742 2313 837 2339 cum
879 2303 994 2339 omni
1036 2303 1267 2349 diligencia,
1313 2303 1384 2349 cfr.
1416 2303 1497 2339 Act.
1530 2306 1655 2349 apost.
1689 2304 1725 2347 5,
1746 2303 1807 2340 23.

164 2360 201 2398 6.
243 2360 444 2396 damnum
484 2360 522 2396 S.
614 2361 647 2397 7.
689 2360 865 2396 contulit
900 2360 1051 2407 (otulit)
1091 2360 1137 2397 Ο.
1222 2360 1330 2396 7—8.
1369 2360 1808 2403 dies..tenebrarum,

163 2415 233 2462 cfr.
278 2416 366 2452 Joe'l
412 2417 522 2462 223
565 2416 741 2463 Sophon.
792 2417 824 2463 1,
856 2417 904 2453 14
928 2428 983 2463 sq.
1081 2418 1115 2453 9.
1163 2417 1445 2463 pulcerrimus
1491 2418 1526 2454 Ο
1573 2418 1680 2462 <item
1731 2418 1807 2461 18).

169 2474 228 2510 10.
261 2474 408 2510 hilaris
441 2474 528 2519 os,
559 2473 630 2520 cfr.
665 2473 843 2510 Corinth.
874 2474 922 2519 II,
958 2475 992 2516 9,
1013 2474 1047 2510 7.
1114 2475 1172 2510 11.
1206 2475 1290 2510 duo
1323 2475 1482 2519 addidi,
1522 2474 1810 2521 siynificantur

165 2531 343 2567 videlicet
368 2531 566 2567 Henricus
591 2531 778 2567 Skalelar
799 2534 835 2567 et
859 2530 1046 2578 Maynus,
1078 2531 1187 2577 filius
1213 2531 1386 2567 Haroldi
1406 2531 1542 2568 Kesiae.
1607 2532 1666 2567 12.
1693 2532 1806 2567 Tori-

164 2598 236 2624 rus
283 2589 370 2633 (aut
408 2591 511 2633 -cus)
552 2588 588 2624 Ο
633 2588 738 2632 (item
782 2589 845 2633 30,
865 2589 903 2633 6)
993 2588 1169 2624 Ketillus
1215 2588 1251 2624 Ο
1300 2588 1340 2624 in
1388 2600 1516 2635 mar9.
1561 2599 1637 2635 pro
1683 2589 1807 2624 deleto

165 2644 348 2681 Cetillus.
421 2645 482 2681 13.
514 2646 840 2682 Vestervicensis
873 2645 908 2681 Ο
986 2645 1163 2682 Ulkillus
1196 2646 1432 2682 Arusiensis
1464 2645 1614 2682 addidi.
1683 2644 1805 2682 Verba

163 2712 233 2737 sex
279 2703 839 2739 Henricus..Sleswicensis
881 2712 958 2738 om.
1002 2703 1045 2739 K.
1132 2703 1191 2738 14.
1240 2703 1477 2749 Adelbyorn
1525 2703 1679 2748 scripsi,
1728 2703 1803 2738 vid.

166 2758 335 2804 inferius
355 2770 394 2805 p.
421 2759 484 2804 30,
502 2760 545 2805 83
576 2759 823 2796 Adelbertus
847 2759 927 2796 OS.
976 2761 1188 2796 sauciatus
1214 2760 1263 2803 S;
1295 2761 1507 2796 saucietur
1526 2760 1558 2795 K
1583 2762 1619 2795 et
1638 2759 1729 2804 fort.
1757 2759 1804 2800 0,

164 2815 232 2851 sed
259 2818 388 2862 potest
417 2816 483 2852 hic
513 2817 633 2853 etiam
666 2820 777 2853 -atur
810 2817 895 2864 Ieyi.
968 2817 1027 2852 16.
1059 2817 1353 2863 Vibergensem
1387 2817 1537 2852 addidi.
1613 2818 1674 2853 17.
1711 2816 1805 2852 fecit

166 2872 288 2917 Kos,
321 2873 478 2918 filius(!)
503 2874 537 2909 H
612 2874 928 2910 matutinalibus
952 2873 1007 2918 03
1039 2874 1296 2910 matutinalis
1321 2874 1373 2917 K;
1406 2874 1620 2909 matutinis
1652 2876 1716 2917 (ex
1743 2884 1803 2908 -as

165 2931 280 2974 corr.)
314 2930 352 2967 S.
433 2932 493 2967 18.
527 2931 738 2967 literatum
771 2931 859 2976 os,
891 2931 1123 2967 litterarum
1158 2932 1202 2967 K.

251 2998 354 3044 Cap.
387 2999 493 3035 XVI.
566 3000 629 3035 21.
661 2999 843 3035 obtinuit
875 3000 913 3035 S.
990 2999 1052 3034 24.
1085 2999 1329 3035 sublimauit
1363 3000 1453 3042 K0;
1500 2999 1732 3035 sublevavit
1765 2998 1803 3034 S.

167 3055 231 3090 25.
263 3056 512 3094 confirmato
546 3056 638 3101 K03
669 3067 769 3093 COI'I'.
801 3056 933 3102 Steph.
965 3056 1005 3091 in
1039 3056 1078 3092 S.
1142 3057 1342 3103 deceptus
1374 3060 1434 3092 est
1467 3056 1512 3092 Ο,

1838 980 1878 1009 10

1840 1341 1879 1371 15

1837 1749 1878 1779 20

1836 2111 1877 2142 25
