2150 3584
330 1096 372 1127 10

332 1461 374 1491 15

331 1824 374 1855 20

333 2187 376 2218 25

333 2549 376 2580 30

396 210 451 250 98
741 219 1017 250 SCRIPTORES
1050 219 1276 250 HISTORIAE
1309 219 1485 250 DANICAE
1517 219 1717 250 MINORES

1191 335 1249 395 X

405 444 681 484 Vermundus
719 442 833 483 enim
867 444 1076 484 Prudens
1107 442 1256 483 dictus
1289 446 1366 483 est.
1432 441 1517 483 Hic
1548 442 1696 483 filium
1729 442 1897 495 genuit,
1936 443 2047 483 Wffi

398 514 600 567 nomine,
648 515 726 568 qui
768 528 914 569 usque
953 500 1056 569 (ad)
1096 514 1377 555 tricesimum
1421 514 1550 554 etatis
1591 527 1672 554 sue
1713 526 1887 554 annum
1922 515 2048 555 fandi

398 587 746 640 possibilitatem
789 587 997 628 cohibuit
1035 591 1219 640 propter
1251 586 1570 626 enormitatem
1603 586 1878 640 improperii,
1924 588 2047 640 quod

397 663 508 700 tunc
554 659 775 713 temporis
818 660 962 700 Danis
1005 659 1251 712 ingruerat,
1299 671 1352 698 eo
1392 659 1515 712 quod
1555 658 1602 698 in
1646 658 1866 699 ultionem
1907 659 2049 713 patris

398 718 531 786 (duo)
551 731 669 772 Dani
689 731 889 772 Suetiam
916 731 1106 785 profecti
1132 729 1403 784 patricidam
1430 743 1563 770 suum
1594 743 1685 770 una
1711 729 2048 771 interemerant.

400 805 516 845 Nam
559 808 601 845 et
637 808 748 845 tunc
785 803 1006 858 temporis
1046 802 1408 856 ignominiosum
1450 802 1593 843 extitit
1622 802 1965 856 improperium,
2012 802 2049 843 si

399 878 549 918 solum
597 878 689 917 duo
736 877 1015 929 iugularem,
1069 874 1305 929 presertim
1354 887 1460 915 cum
1508 875 1593 916 soli
1640 874 1895 915 strenuitati
1939 879 2050 916 tunc

400 949 715 1003 superstitiosa
755 949 981 1001 gentilitas
1021 960 1208 1001 operam
1250 951 1470 999 satageret
1510 948 1769 1001 inpendere.
1842 947 2049 988 Prefatus

398 1022 552 1076 itaque
593 1021 910 1063 Wermundus
957 1033 1102 1073 usque
1148 1020 1205 1060 ad
1249 1020 1429 1060 senium
1476 1020 1603 1073 regni
1649 1020 1720 1060 sui
1765 1020 2051 1072 gubernabat

398 1094 659 1148 imperium,
692 1095 806 1134 adeo
839 1093 974 1134 etiam
1008 1093 1193 1133 tandem
1227 1096 1342 1133 etate
1374 1096 1691 1146 consumptus,
1724 1096 1773 1132 ut
1805 1092 1924 1132 oculi
1951 1092 2049 1132 eius

400 1180 479 1220 pre
512 1167 638 1207 senio
671 1166 930 1218 caligarent.
979 1164 1120 1206 Cuius
1147 1164 1393 1205 debilitatis
1425 1164 1546 1204 fama
1580 1176 1686 1205 cum
1718 1149 1808 1218 <in>
1842 1164 2049 1204 Transal-

402 1238 530 1279 binas
557 1242 708 1292 partes
730 1238 1017 1290 crebruisset,
1051 1237 1259 1278 elationis
1283 1237 1543 1288 turgiditate
1561 1236 1810 1277 Teotonica
1834 1236 2053 1277 intumuit

401 1311 629 1364 superbia,
677 1314 831 1364 utpote
865 1311 959 1351 suis
991 1322 1230 1364 nunquam
1265 1312 1477 1350 contenta
1509 1308 1730 1359 terminis,
1772 1293 1852 1362 <εΙ>
1884 1307 2051 1349 furoris

400 1384 472 1424 sui
510 1383 684 1424 rabiem
726 1382 772 1423 in
806 1383 963 1423 Danos
1002 1381 1181 1422 exacuit
1219 1381 1481 1435 imperator,
1528 1394 1574 1422 se
1606 1394 1777 1421 nouum
1813 1381 2050 1421 Danorum

399 1468 538 1509 regno
582 1455 841 1509 conquisito
882 1459 1110 1508 sceptrum
1153 1454 1357 1495 nancisci
1398 1454 1699 1507 conspicatus.
1775 1454 2052 1505 Delegantur

399 1529 553 1583 itaque
578 1528 892 1582 spiculatores,
925 1527 1003 1581 qui
1027 1526 1195 1579 turgidi
1219 1526 1438 1580 principis
1463 1526 1588 1567 iussa
1613 1527 1853 1579 deportent
1876 1525 2050 1579 prefato

402 1601 641 1641 Danorum
665 1599 771 1652 regi,
798 1599 969 1640 scilicet
984 1599 1266 1650 Vermundo,
1291 1599 1489 1639 duarum
1513 1585 1574 1652 <ei
1592 1583 1759 1650 rerum>
1782 1597 2051 1651 prefigentes

401 1672 684 1725 electionem,
730 1685 928 1726 quarum
968 1685 1074 1725 pars
1120 1675 1269 1711 tamen
1309 1674 1470 1711 neutra
1517 1670 1660 1711 extitit
1699 1670 1926 1723 eligenda3
1972 1673 2052 1710 aut

401 1745 521 1786 enim
568 1756 759 1797 regnum
806 1744 940 1785 iussit
980 1745 1190 1785 Romano
1236 1743 1466 1795 resignare
1511 1743 1705 1796 imperio
1746 1746 1786 1783 et
1825 1743 2049 1783 tributum

401 1818 593 1869 soluere,
639 1817 713 1858 uel
745 1818 965 1858 athletam
997 1816 1287 1868 inuestigare,
1331 1815 1412 1869 qui
1449 1817 1501 1856 de
1538 1829 1585 1855 eo
1624 1828 1729 1856 cum
1762 1815 2050 1869 imperatoris

401 1890 644 1943 campione
676 1891 837 1931 calleat
869 1888 1244 1930 monomachiam
1277 1888 1573 1929 committere.
1622 1888 1726 1939 Quo
1752 1888 1908 1928 audito
1933 1888 2049 1940 regis

402 1963 546 2003 extitit
593 1975 721 2003 mens
769 1966 1080 2011 consternata;
1137 1961 1368 2014 totiusque
1414 1961 1540 2013 regni
1586 1973 1829 2014 procerum
1875 1961 2050 2013 legione

401 2039 652 2087 corrogata,
699 2035 809 2088 quid
842 2035 960 2076 facto
993 2047 1110 2088 opus
1143 2033 1212 2084 sit,
1259 2033 1462 2085 diligenti
1503 2032 1800 2088 inquisitione
1834 2045 2050 2086 percunc-

400 2107 594 2147 tabatur.
658 2107 927 2159 Perplexam
968 2119 1014 2147 se
1055 2118 1257 2159 namque
1303 2089 1459 2159 <re9is>
1505 2105 1776 2145 autumabat
1815 2104 2048 2154 autoritas,

402 2181 559 2231 utpote
591 2166 714 2231 <cum
747 2164 819 2232 ei),
852 2178 925 2218 cui
958 2177 1026 2218 ius
1057 2177 1357 2218 incumbebat
1387 2177 1648 2216 decertandi
1674 2180 1717 2216 et
1739 2187 1877 2228 regno
1903 2180 2049 2229 patro-

403 2250 546 2291 cinari
578 2251 830 2302 tenebatur,
878 2251 1059 2291 uultum
1092 2250 1256 2290 cecitas
1289 2248 1656 2300 obnubilauerat,
1689 2252 1731 2289 et
1760 2248 1886 2300 regni
1917 2249 2049 2288 heres

402 2322 589 2375 elinguis
621 2323 767 2363 factus
798 2323 973 2364 desidia
1005 2325 1253 2376 torpuerat,
1294 2321 1355 2362 ita
1396 2325 1445 2361 ut
1476 2321 1523 2361 in
1556 2334 1608 2361 eo
1641 2321 1878 2361 communi
1910 2334 2050 2361 asser-

402 2396 525 2436 tione
568 2396 692 2435 nulla
740 2409 927 2449 prorsus
975 2408 1077 2448 spes
1124 2394 1282 2435 salutis
1324 2394 1527 2434 extiterit.
1592 2394 1708 2433 Nam
1755 2393 1813 2433 ab
1858 2393 2050 2434 infantia

403 2468 604 2521 prefatus
655 2468 773 2508 Wffo
819 2468 990 2509 ventris
1035 2466 1303 2519 indulgebat
1346 2466 1570 2518 ingluuie,
1631 2469 1674 2506 et
1719 2466 2049 2519 Epicureorum

403 2553 530 2581 more
571 2540 765 2594 coquine
810 2545 851 2580 et
888 2540 1072 2581 cellario
1110 2539 1306 2580 offitiose
1338 2539 1564 2579 alternum
1598 2538 1893 2591 impendebat
1923 2539 2050 2579 obse-

403 2611 577 2665 quium.
641 2611 798 2652 Potius
830 2597 1022 2666 <tamen>
1053 2610 1277 2651 industria
1311 2622 1450 2663 quam
1483 2612 1662 2662 torpore
1692 2609 1790 2649 istis
1824 2609 2048 2659 inseruiit;

403 2683 569 2724 etenim
601 2683 647 2723 in
681 2684 924 2724 iuuenilem
958 2683 1192 2724 constituit
1220 2686 1381 2722 etatem
1406 2681 1548 2722 robur
1575 2681 1754 2735 corpori
1779 2694 2051 2722 conseruare

402 2756 696 2796 indefessum.
761 2756 1008 2807 Corrogato
1047 2756 1200 2810 itaque
1241 2758 1341 2795 cetu
1381 2766 1623 2807 procerum
1663 2753 1892 2807 totiusque
1924 2753 2048 2806 regni

404 2828 570 2881 placito
628 2828 854 2869 celebrato
906 2828 1271 2868 Alamannorum
1328 2839 1405 2867 rex
1458 2826 1757 2866 ambitionem
1812 2825 2047 2879 explicuit;

492 2969 525 3004 1.
561 2968 671 3004 unde
701 2965 796 3015 (pro
823 2964 1028 3003 V‘7mund9
1053 2965 1132 3015 .n.).
1194 2967 1305 3004 2-3.
1339 2966 1453 3002 fandi
1480 2966 1821 3013 possibilitatem:
1856 2965 2045 3001 Martiam.

408 3025 553 3071 Capell.
575 3025 636 3070 IV,
656 3024 735 3061 335
754 3026 813 3071 (p.
834 3025 907 3061 101
928 3023 1153 3071 Eyssenhj.
1203 3024 1299 3070 3(6).
1329 3024 1506 3070 imperii.
1556 3024 1592 3060 4.
1621 3023 1748 3069 prius.
1801 3024 1861 3059 14.
1891 3033 1934 3058 se
1953 3033 2048 3058 non.

408 3083 468 3117 15.
501 3083 729 3129 eonspicat.
803 3083 862 3118 18.
895 3085 991 3118 tarn.
1059 3082 1122 3117 20.
1156 3082 1280 3128 quod.
1349 3081 1411 3117 25.
1445 3081 1519 3116 uis.
1582 3080 1645 3116 27.
1679 3080 1839 3126 dignus.
1909 3079 1972 3115 31.
2003 3081 2047 3115 tfi
