2150 3584
329 1089 370 1121 10

329 1523 371 1554 15

330 1884 372 1916 20

332 2245 374 2276 25

335 2607 377 2637 30

398 203 475 241 102
734 208 1008 238 SCRIPTORES
1041 208 1268 236 fflsromAE
1300 207 1476 235 DANlcAE
1507 205 1707 234 MINOREs

1185 320 1241 379 X

393 445 470 473 rex
508 430 668 485 quibat
707 428 995 480 inuestigare,
1041 427 1164 481 Wffo
1207 439 1281 468 eos
1321 426 1524 478 singulos
1564 426 1721 466 dextra
1760 425 1950 467 uibrans
1988 426 2058 468 in.

393 507 543 558 partes
590 500 802 553 confregit
842 498 1189 540 minutissimas.
1264 497 1513 538 »Heccine«
1564 483 1669 552 <ait>
1719 510 1872 537 »arma
1919 501 2037 550 sunt,

394 575 562 630 quibus
595 578 636 614 et
666 573 809 614 uitam
843 575 884 613 et
913 571 1040 623 regni
1070 571 1234 611 tuebor
1264 571 1542 610 honoremv«
1606 569 1744 610 Cuius
1775 582 1881 610 cum
1914 573 2039 623 pater

395 646 778 699 elegantissimam
823 643 1097 697 experiretur
1128 642 1362 683 uirtutem:
1416 641 1661 682 »Vnicum«
1705 641 1768 682 ait
1809 645 1876 682 »et
1913 641 2037 694 regni

395 724 436 760 et
469 718 554 760 uite
586 721 738 758 nostre
772 719 977 770 superest
1008 715 1214 755 asilum.‹
1271 714 1339 754 Ad
1370 714 1603 754 tumulum
1635 714 1856 754 ducatum
1889 717 2039 767 postu-

395 792 508 833 lauit
544 794 593 844 et,
641 789 716 830 ubi
754 789 881 843 prius
921 800 1192 828 mucronem
1235 785 1676 839 experientissimum
1718 786 2040 838 occultauerat,

395 862 671 915 intersigniis
710 875 789 916 per
827 865 1060 914 petrarum
1101 863 1233 900 notas
1273 859 1462 899 edoctus
1501 858 1702 911 gladium
1743 858 1875 898 iussit
1905 857 2042 898 effodi

396 935 834 990 prestantissimum3
867 946 1005 988 quem
1033 932 1154 973 illico
1187 931 1438 984 corripiens
1470 932 1646 971 dextra:
1685 930 1796 971 »Hic
1827 934 1934 983 est«,
1966 930 2041 982 ait,

401 1008 503 1060 »fili,
550 1019 640 1060 quo
682 1017 926 1046 numerose
956 1002 1257 1057 triumphaui,
1305 1006 1346 1042 et
1378 988 1533 1056 <mihi>
1578 1001 1818 1042 infallibile
1864 1014 2043 1055 semper

395 1084 601 1121 tutamen
633 1078 876 1119 extiterat«
942 1077 998 1117 Et
1028 1077 1114 1117 hec
1145 1075 1302 1116 dicens
1334 1075 1532 1116 eundem
1565 1074 1660 1115 filio
1693 1073 1980 1115 contradidit.

483 1225 576 1265 Nec
628 1236 778 1274 mora,
838 1221 1062 1263 terminus
1116 1233 1220 1261 ecce
1274 1220 1587 1272 congressioni
1641 1219 1842 1274 prefixus
1903 1218 2044 1259 artius

396 1295 606 1336 instabat.
670 1292 1020 1336 Confluentibus
1060 1277 1205 1346 (erqo)
1253 1291 1457 1346 undique
1496 1290 1738 1344 phalangis
1784 1290 2044 1330 innumera-

397 1368 567 1409 bilibus
595 1366 637 1407 in
663 1365 858 1420 E91'dore
890 1364 1097 1405 fluminis
1121 1364 1385 1405 mediamna
1408 1364 1538 1404 locus
1563 1374 1714 1417 pugne
1738 1362 2042 1415 constituitur,

398 1445 446 1481 ut
485 1439 568 1494 ipsi
605 1439 662 1480 ab
704 1442 898 1491 utroque
930 1441 1030 1478 cetu
1064 1437 1282 1489 segregati
1314 1436 1615 1477 amminiculo
1650 1435 1821 1476 nullius
1853 1434 2043 1488 opitula-

396 1512 531 1553 tionis
569 1512 876 1564 fungerentur.
938 1509 1200 1551 Teotonicis
1238 1509 1374 1561 igitur
1413 1509 1531 1549 ultra
1570 1507 1776 1548 fluminis
1813 1507 1963 1561 ripam
1995 1506 2043 1547 in

399 1583 605 1625 Holzatia
646 1583 1004 1633 considentibus,
1053 1582 1196 1622 Danis
1234 1585 1387 1622 autem
1429 1581 1538 1622 citra
1579 1593 1764 1621 amnem
1796 1578 2043 1633 dispositis,

398 1670 475 1697 rex
520 1656 671 1709 pontis
716 1656 764 1696 in
810 1655 963 1696 medio
1010 1655 1164 1696 sedem
1213 1654 1357 1707 elegit,
1404 1657 1644 1708 quatenus,
1699 1653 1735 1694 si
1782 1651 2044 1705 unigenitus

398 1729 730 1781 succumberet,
767 1727 974 1769 fluminis
1006 1740 1053 1768 se
1084 1726 1248 1780 gurgiti
1286 1726 1590 1780 precipitaret,
1631 1739 1687 1766 ne
1730 1725 1898 1779 pariter
1935 1728 2043 1765 nato

399 1801 585 1842 orbatus
623 1805 664 1841 et
704 1812 842 1853 regno
889 1812 994 1840 cum
1036 1800 1193 1841 dolore
1235 1812 1376 1840 canos
1424 1802 1653 1853 superstes
1699 1798 1942 1839 deduceret
1986 1797 2044 1837 ad

397 1872 580 1913 inferos.
629 1871 945 1925 Immissisque
976 1871 1190 1926 utrinque
1222 1870 1455 1924 pugilibus
1487 1870 1533 1910 in
1565 1856 1751 1925 (medio)
1783 1868 2045 1910 mediamne

400 1948 726 1986 conuenerunt.
765 1944 822 1984 At
843 1943 923 1984 ubi
949 1943 1080 1983 miles
1102 1946 1257 1984 noster
1279 1943 1483 1995 egregius
1507 1944 1625 1984 duos
1649 1941 1823 1983 sibimet
1847 1941 2045 1995 prefatos

400 2017 636 2070 conspexit
674 2029 924 2068 occurrere,
969 2019 1192 2071 tanquam
1231 2016 1302 2057 leo
1343 2019 1523 2069 pectore
1561 2015 1751 2056 robusto
1797 2013 2045 2066 infremuit,

400 2090 648 2143 animoque
694 2088 921 2130 constanti
967 2088 1150 2129 duobus
1196 2088 1349 2129 electis
1391 2089 1608 2129 audacter
1650 2099 1914 2128 concurrere
1951 2099 2044 2126 non

401 2162 680 2215 detrectauit,
711 2162 789 2203 illo
822 2161 998 2202 cinctus
1032 2173 1264 2209 mucrone,
1298 2173 1433 2214 quem
1469 2164 1643 2214 patrem
1677 2172 1816 2213 supra
1838 2157 2046 2200 memini-

402 2248 505 2275 mus
551 2234 820 2285 occuluisse,
867 2237 909 2274 et
954 2234 1147 2274 alterum
1194 2234 1350 2274 dextra
1398 2233 1604 2274 strictum
1651 2236 1844 2285 gestans.
1918 2231 2046 2282 Quos

402 2319 506 2347 cum
540 2307 742 2360 primum
775 2306 939 2347 obuios
971 2306 1222 2356 habuisset,
1266 2306 1331 2346 sic
1364 2305 1627 2358 singillatim
1660 2308 1907 2359 utrumque
1939 2303 2046 2344 allo-

402 2379 569 2432 quitur,
616 2383 670 2430 et,
717 2380 839 2432 quod
879 2391 983 2420 raro
1022 2378 1185 2430 legitur
1216 2377 1441 2429 accidisse,
1488 2379 1657 2418 athleta
1689 2380 1842 2418 noster
1873 2377 2047 2428 elegan-

402 2451 620 2503 tissimus,
652 2452 779 2492 cuius
810 2451 1032 2492 memoria
1064 2450 1110 2490 in
1142 2454 1348 2491 eternum
1375 2464 1468 2491 non
1494 2450 1731 2502 delebitur,
1763 2448 2046 2489 aduersarios

403 2522 638 2562 animabat
677 2523 732 2562 ad
774 2534 988 2575 pugnam.
1052 2507 1144 2576 <Sic
1175 2521 1289 2562 enim
1323 2521 1596 2575 imperatoris
1626 2520 1767 2574 filium
1800 2504 2044 2572 hortatur>1

408 2594 475 2634 »Si
509 2597 592 2645 te«,
627 2594 787 2648 inquit,
832 2594 1000 2635 »nostri
1030 2594 1157 2647 regni
1190 2594 1392 2634 stimulat
1424 2593 1629 2646 ambitio,
1662 2597 1711 2633 ut
1741 2596 1894 2633 nostre
1926 2590 2048 2645 copie

404 2666 692 2720 potentieque
725 2680 958 2720 opumque
990 2679 1202 2720 capessas
1234 2666 1506 2719 opulentias,
1548 2665 1810 2707 comminus
1840 2668 1882 2706 te
1914 2664 2047 2705 clien-

404 2742 493 2778 tem
527 2739 655 2779 decet
685 2739 938 2792 precedere,
971 2743 1021 2779 ut
1052 2743 1094 2779 et
1124 2738 1250 2791 regni
1280 2738 1345 2778 tui
1377 2739 1599 2779 terminos
1630 2737 1885 2791 amplifices
1911 2740 2046 2791 atque

495 2880 525 2914 1.
559 2879 744 2925 quilibet.
822 2889 929 2924 quos
960 2880 1055 2924 (pro
1087 2879 1147 2916 W.
1182 2881 1281 2925 eos).
1366 2881 1400 2916 3.
1434 2880 1509 2915 Cui
1540 2878 1635 2928 (pro
1667 2875 1785 2927 Cui9).
1870 2878 1904 2913 4.
1938 2876 2047 2923 expi-

406 2939 531 2971 retur.
624 2936 659 2971 5.
691 2939 730 2971 et
761 2935 861 2971 iure.
954 2936 986 2972 6.
1020 2934 1220 2995 quia⁴(ex
1252 2945 1286 2988 (4
1309 2952 1352 2967 z
1375 2940 1413 2973 et
1445 2938 1482 2972 et
1511 2937 1582 2973 ubi
1623 2933 1782 2984 ortum).
1872 2935 1906 2970 7.
1938 2933 2047 2969 inter

407 3004 590 3049 singulis.
660 3005 694 3039 9.
730 3004 948 3050 tumpham
981 3002 1076 3052 (pro
1108 2997 1353 3053 trimphaui).
1425 3006 1486 3041 10.
1519 3004 1705 3041 secundo
1737 3003 1834 3039 filio.
1910 3002 1971 3038 13.
2004 3001 2046 3037 ui

407 3061 616 3097 excedere.
681 3062 741 3097 14.
772 3063 915 3108 utpote
945 3059 1040 3111 (pro
1065 3065 1110 3097 ut
1133 3060 1212 3110 ipi).
1275 3063 1440 3098 14-15.
1465 3062 1741 3111 opitulatione
1771 3058 1867 3110 (pro
1890 3056 2046 3108 ·tione).
