2150 3584
685 206 945 235 CHRONJCON
981 206 1288 234 ROSKILDENSE
1757 198 1805 235 15

164 321 399 374 utriusque
445 320 588 372 gentis
636 318 976 359 multitudinem
1025 318 1080 358 ad
1130 319 1264 359 fidem
1315 320 1550 360 contraxit.
1634 321 1806 361 Deinde

163 398 343 435 mortuo
363 392 606 446 Lyudrico,
633 391 868 432 Bremensi
886 390 1247 444 archiepiscopo,
1276 392 1526 433 Liuduicus
1546 393 1806 445 imperator,

163 465 283 506 filius
330 465 556 515 Liuduici,
605 464 739 504 frater
780 463 945 516 Lotarij
996 467 1036 503 et
1082 463 1248 515 KaroIi,
1298 465 1589 505 Bremensem
1638 466 1806 505 archie-

161 538 450 591 piscopatum
482 536 702 588 Ansgario
735 535 972 576 concessit.
1036 536 1135 576 Hoc
1173 536 1310 587 regali
1354 549 1541 577 munere
1575 538 1808 578 consessor

160 611 230 651 dei
274 610 408 650 ualde
448 609 634 661 gauisus
674 608 718 648 in
754 608 950 648 Daniam
985 608 1191 661 perrexit.
1256 608 1338 648 Vbi
1373 620 1522 660 regem
1556 610 1807 661 Danorum,
1835 618 1850 646 ῖ

160 683 342 723 fratrem
364 682 480 734 regis
500 681 703 732 Haraldi‚
728 680 983 734 predictum
1003 680 1204 732 Ericum‚
1231 681 1674 722 Christianissimum
1702 695 1805 722 cum

160 768 242 795 suo
282 755 454 808 populo
493 753 702 794 reddidit.
767 753 880 793 Nam
925 757 1105 794 mortuo
1152 754 1353 794 Haraldo
1395 754 1478 793 iste
1524 754 1568 794 in
1619 766 1806 806 regnum

158 831 423 880 assumptus
466 830 542 867 est.
608 826 693 866 Hic
734 826 936 879 primum
980 826 1217 866 ecclesiam
1253 826 1470 866 Sleswich
1504 827 1657 877 erexit,
1703 828 1806 867 data

158 898 325 952 pariter
378 898 628 950 sentencia,
692 902 758 948 ut,
820 898 1029 952 quisquis
1084 914 1180 941 esse
1235 898 1370 938 uellet
1424 899 1468 938 in
1524 911 1661 951 regno
1710 912 1807 950 suo,

159 971 446 1012 Christianus
479 970 616 1011 fieret.

243 1090 296 1131 ΙΙ.
365 1050 555 1130 Interea
575 1089 831 1130 Normanni
851 1089 1044 1130 Galliam
1071 1089 1277 1129 demoliti
1306 1102 1385 1142 per
1406 1090 1575 1130 fluuios
1595 1090 1806 1141 Ligerim,

157 1163 393 1213 Secanam‚
428 1162 605 1202 Renum
638 1162 862 1202 dederunt
893 1174 1150 1202 excursum.
1208 1162 1311 1212 Quo
1342 1162 1506 1202 timore
1539 1163 1807 1215 compulsus

155 1248 232 1275 rex
280 1234 470 1274 Francie
519 1235 713 1274 Karolus
758 1237 923 1274 terram
981 1233 1043 1274 eis
1098 1234 1324 1274 concessit
1376 1236 1431 1275 ad
1486 1235 1805 1282 habitandum,

156 1321 295 1361 quam
335 1311 377 1346 et
413 1306 549 1346 hodie
590 1306 835 1359 possident.
899 1306 1074 1346 Deinde
1115 1306 1310 1346 Daniam
1352 1308 1549 1359 aggressi
1587 1307 1803 1347 Hericum

155 1391 305 1432 regem
350 1378 684 1418 interfecerunt.
749 1379 852 1429 Quo
900 1382 1082 1419 mortuo
1126 1378 1318 1419 Hericus
1359 1380 1476 1420 Puer
1521 1380 1565 1420 in
1612 1391 1803 1431 regnum

156 1453 333 1493 leuatus
365 1455 442 1491 est.
507 1451 572 1491 De
604 1450 690 1491 isto
725 1451 889 1491 Herico
923 1451 1069 1490 Puero
1103 1464 1194 1490 non
1233 1451 1425 1492 minima
1458 1452 1693 1492 dubitacio
1726 1456 1804 1501 est,

155 1529 306 1565 utrum
350 1523 473 1563 filius
513 1523 703 1576 predicti
750 1523 899 1564 Herici
940 1523 1075 1563 fuerit
1120 1536 1177 1563 an
1221 1537 1327 1564 non.
1391 1524 1478 1574 Qui
1522 1538 1628 1565 mox
1669 1538 1805 1577 super

156 1596 454 1639 Christicolas
495 1595 707 1636 efferatus
747 1596 1003 1636 sacerdotes
1043 1595 1227 1648 expulit,
1276 1597 1489 1637 ecclesias
1522 1597 1673 1637 claudi
1706 1610 1803 1650 pre-

154 1671 283 1723 cepit.
347 1671 412 1710 Ad
457 1681 592 1721 quem
637 1668 827 1708 ueniens
870 1672 1055 1708 sanctus
1095 1668 1344 1720 Ansgarius
1389 1667 1507 1723 [non]
1550 1670 1804 1723 intrepidus

154 1744 383 1784 crudelem
415 1748 664 1792 tyrannum
699 1741 754 1780 de
785 1740 923 1781 feroci
958 1741 1087 1780 leone
1120 1741 1544 1782 mansuetissimum
1580 1740 1803 1782 conuertit

153 1812 199 1852 in
246 1823 438 1864 agnum,
489 1813 602 1853 adeo
650 1817 698 1852 ut
744 1813 840 1866 ipse
889 1812 1277 1854 Christianitatem
1325 1813 1574 1867 susciperet
1621 1818 1662 1853 et
1708 1814 1802 1854 suis

153 1884 370 1924 omnibus
404 1898 483 1937 per
516 1884 714 1926 edictum
749 1885 1034 1926 Christianos
1066 1884 1165 1925 fieri
1197 1887 1448 1927 mandaret.
1497 1887 1629 1927 Tunc
1661 1898 1803 1926 sacer-

153 1956 280 1996 dotes
311 1957 527 2009 reuocati,
561 1957 748 1998 ecclesie
781 1962 886 1997 sunt
916 1962 1059 1998 erecte
1085 1962 1126 1998 et
1149 1962 1411 1999 restaurate.
1463 1960 1654 2011 Insuper
1679 1960 1799 2011 apud

155 2028 316 2081 Ripam
350 2029 537 2070 basilica
572 2033 798 2070 exstructa
833 2034 910 2078 est,
944 2034 1045 2083 post
1078 2030 1295 2071 Sleswich
1329 2032 1541 2071 secunda.

240 2180 262 2215 2
312 2184 478 2217 mortuo
521 2182 562 2217 in
605 2192 732 2227 marq.
775 2182 868 2217 add.
913 2181 948 2218 Ο
1038 2182 1268 2228 imperator
1309 2181 1366 2217 bis
1405 2181 1524 2218 habet
1558 2183 1598 2227 S,
1645 2183 1684 2218 in
1725 2193 1802 2228 quo

151 2236 188 2271 si
225 2236 322 2283 quid
355 2238 456 2282 latet,
506 2239 631 2274 altero
678 2240 761 2274 loco
800 2239 1068 2285 imperatoris
1109 2238 1252 2274 scribu'.
1297 2242 1361 2274 est.
1454 2240 1488 2276 3.
1528 2240 1715 2275 Lotharii
1763 2240 1801 2275 S.

152 2293 290 2329 Caroli
316 2294 351 2330 Ο
384 2295 490 2339 (item
519 2296 597 2339 13).
662 2297 695 2331 7.
728 2296 781 2330 ad
813 2307 863 2332 m.
892 2294 1099 2331 Haraldo†
1133 2296 1173 2331 ιή
1207 2307 1336 2342 mal-9.
1363 2297 1390 2332 S
1423 2295 1800 2342 adc1.Stephanius:

152 2349 540 2388 '³‘A.C.DCCCXLVI.
604 2353 680 2388 iste
712 2363 791 2388 om.
819 2352 866 2389 O.
932 2354 967 2389 8.
1003 2353 1146 2388 slesuic
1171 2353 1218 2397 Ο,
1252 2353 1420 2389 Sleswic
1445 2354 1484 2392 S,
1516 2357 1634 2400 atque
1665 2354 1799 2389 eodem

153 2408 272 2443 modo
297 2408 381 2453 fere
404 2420 563 2455 semper
586 2410 778 2455 differunt
802 2410 905 2445 inter
928 2420 968 2445 se
994 2412 1068 2445 tres
1093 2410 1244 2445 codices
1269 2410 1309 2445 i11
1335 2410 1600 2457 sequentibus.
1649 2412 1683 2447 9.
1712 2422 1802 2447 sen-

153 2465 310 2501 tencia:
357 2466 475 2501 aliter
503 2465 705 2502 Adamas:
752 2467 845 2502 data
880 2467 1036 2513 pariter
1068 2467 1303 2510 licencia,
1346 2471 1399 2506 ut,
1446 2469 1638 2514 quisquis
1681 2468 1801 2504 vellet

154 2522 195 2557 in
229 2531 356 2568 regno
390 2534 478 2564 suo,
523 2524 786 2559 Christianus
822 2525 953 2563 fieret:
999 2526 1035 2559 el
1064 2523 1140 2559 hoc
1172 2524 1213 2559 in
1250 2524 1507 2560 Colleetaneis
1538 2525 1677 2561 Petrus
1711 2525 1802 2561 Olai

153 2578 273 2615 habet
304 2580 345 2614 in
377 2591 506 2627 marg.
537 2581 606 2626 fol.
640 2581 722 2616 36⁰.

239 2647 344 2693 Cap.
365 2648 415 2683 11.
467 2648 546 2694 Cfr.
576 2649 719 2685 Adam.
752 2649 881 2684 Brem.
912 2648 975 2685 lib.
1000 2649 1021 2684 I
1049 2660 1162 2696 capp.
1183 2649 1349 2686 30—31.
1386 2672 1423 2675 —
1463 2651 1522 2686 12.
1557 2652 1802 2697 Seqvanam,

155 2704 345 2740 Rhenum
379 2705 417 2741 S.
505 2707 566 2742 13.
600 2706 843 2742 abitandnm
881 2707 921 2742 K.
1010 2707 1071 2742 15.
1103 2707 1157 2742 ad
1188 2707 1377 2743 mortuo'l'
1410 2708 1450 2743 in
1485 2719 1614 2754 moly.
1649 2708 1677 2743 S
1709 2708 1801 2743 add.

153 2759 416 2807 Stephaniusz
448 2761 799 2799 †A.C.DCCCLVI.
853 2763 912 2798 16.
932 2764 1105 2799 minimo
1122 2764 1166 2807 K,
1187 2765 1256 2799 sed
1272 2775 1371 2800 corr.
1391 2775 1442 2800 111.
1463 2766 1496 2800 1.
1550 2766 1609 2800 17.
1630 2765 1738 2800 Erici
1759 2765 1798 2801 S.

159 2819 217 2853 19.
252 2824 301 2855 [ιό
331 2819 567 2865 intrepidus
602 2821 654 2864 K;
702 2823 726 2855 ᾗ
759 2821 994 2866 intrepidus
1026 2821 1074 2863 Ο,
1114 2831 1203 2867 quoe
1233 2822 1433 2867 scriplum
1464 2822 1555 2867 sort
1590 2822 1682 2857 inde
1713 2825 1799 2857 orla

153 2877 218 2919 est,
243 2876 352 2921 quod
367 2875 551 2912 Adamas
574 2888 656 2913 non
683 2878 866 2924 trepidas
889 2877 1031 2920 Izabet‚·
1062 2880 1164 2913 certe
1182 2889 1263 2913 non
1281 2878 1433 2923 falsum
1453 2881 1530 2916 esl:
1565 2879 1798 2924 intrepidus

154 2931 193 2976 S,
239 2933 306 2967 sed
354 2933 392 2968 in
441 2944 570 2979 marg).
618 2935 824 2973 additum,-
873 2935 913 2970 in
962 2936 1111 2970 textum
1160 2935 1304 2980 recepi!
1346 2936 1392 2971 H.
1484 2936 1547 2971 22.
1589 2936 1676 2971 fieri
1710 2936 1799 2972 OS:

157 2989 249 3023 {idei
285 2990 328 3039 K.
391 2990 453 3027 23.
488 2995 526 3026 et
558 2992 731 3027 ecclesie
765 2992 810 3027 O.

1835 977 1874 1006 10

1833 1386 1873 1416 15

1831 1750 1872 1778 20
