2150 3584
596 187 888 217 COMPENDIVM
923 189 1121 218 SAxoms.
1171 191 1253 219 Lm.
1288 192 1313 218 ν
1694 184 1779 223 283

130 316 236 344 cum
269 301 523 342 innumeris
555 301 649 341 suis
682 301 959 342 occiderunt.
1040 303 1205 344 Habita
1240 304 1374 356 igitur
1410 307 1624 360 Britania,
1671 320 1774 348 cum

131 388 289 416 versus
336 373 618 426 Hyberniam
667 373 772 422 iret,
836 374 1104 427 Hyberniei,
1162 376 1280 417 sicut
1328 382 1557 431 poterant,
1614 384 1778 420 terram

131 446 416 496 munierun13
466 446 543 487 sed
587 445 774 486 veniens
819 447 989 488 Frotho
1030 447 1195 489 ducein
1239 463 1395 490 eorum
1441 452 1692 493 Keruillum
1735 452 1778 494 in

129 520 225 561 acie
251 518 518 573 prostrauit;
551 518 681 559 cuius
714 516 890 584 (frater)
923 524 1153 573 superstes
1179 526 1363 574 propter
1390 523 1638 564 rebellandi
1665 525 1781 565 diffi-

130 591 340 633 denciam
376 591 598 632 Frothoni
631 595 797 632 terram
830 592 1090 644 resignauit.

216 665 308 705 XX.
372 664 479 705 Post
510 665 594 705 has
626 664 840 706 victorias
874 664 918 704 in
946 665 1141 705 Daniam
1173 666 1343 707 Frotho
1379 668 1522 719 rediit,
1555 670 1780 723 annisque

130 750 241 780 ‚xxx
275 737 333 777 ab
361 736 488 776 omni
515 736 635 778 bello
661 737 847 791 quieuit.
898 737 963 777 Eo
990 742 1206 791 tempore,
1233 751 1337 779 cum
1359 753 1538 781 summa
1561 754 1646 793 pax
1665 747 1779 783 esset

128 810 295 864 vbique
342 812 579 860 terrarum,
626 809 843 850 dominus
892 814 1044 850 noster
1092 810 1252 851 Ihesus
1300 812 1508 853 Christus
1552 814 1607 854 de
1650 814 1777 855 beata

129 882 300 935 virgine
334 881 476 922 Maria
510 885 644 922 natus
677 885 754 922 est.
831 882 998 922 Volens
1042 886 1194 923 autem
1230 883 1402 925 Frotho
1445 885 1666 937 fulgorem
1701 886 1781 927 im-

128 954 240 1009 perii
286 953 356 994 sui
404 953 450 993 in
498 958 768 1007 perpetuum
827 966 1072 1007 prorogare
1119 955 1321 1009 primum
1368 960 1526 998 contra
1575 958 1691 999 furta
1739 963 1780 1000 et

127 1026 365 1068 latrocinia
390 1025 678 1067 seueritatem
706 1039 932 1067 summam
962 1027 1175 1078 exercuit,
1208 1033 1252 1068 vt
1279 1042 1369 1069 non
1401 1030 1550 1070 solum
1570 1031 1780 1084 indigene

126 1100 210 1141 tuti
242 1102 391 1140 essent
423 1102 579 1139 contra
614 1103 866 1151 extraneos,
900 1100 975 1140 sed
1010 1099 1156 1140 eciam
1188 1101 1299 1142 tales
1328 1106 1476 1155 pestes
1506 1103 1780 1144 domesticas

127 1185 219 1213 non
253 1171 492 1221 haherent3
539 1171 796 1226 deindeque
839 1172 883 1212 in
917 1172 1071 1221 Jucia,
1119 1176 1340 1226 tanquam
1382 1174 1427 1214 in
1470 1175 1616 1228 capite
1655 1176 1780 1228 regni

128 1245 212 1296 sui,
245 1257 431 1285 auream
464 1243 693 1284 armillam
728 1244 881 1297 magni
914 1245 1131 1298 ponderis
1162 1245 1310 1286 triuiis
1336 1247 1460 1299 affigi
1488 1248 1701 1301 precepit,
1736 1253 1780 1289 vt

127 1317 192 1358 sic
223 1317 535 1371 perpenderet,
568 1329 626 1357 an
658 1317 728 1357 lex
761 1329 786 1357 a
820 1330 866 1357 se
898 1317 1017 1357 edita
1044 1322 1314 1359 seruaretur.
1364 1320 1473 1359 Erat
1497 1324 1649 1360 autem
1676 1334 1780 1375 que-

127 1390 233 1430 dam
269 1393 477 1430 matrona
510 1389 685 1442 magice
716 1389 779 1430 rei
814 1389 971 1442 perita,
1004 1403 1091 1444 que
1120 1390 1267 1431 filium
1294 1405 1445 1443 suum,
1479 1397 1523 1432 vt
1549 1393 1775 1434 armillam

127 1466 319 1516 raperet,
351 1462 633 1502 hortabatur.
674 1462 764 1513 Qui
798 1475 903 1503 cum
938 1463 1128 1516 periculi
1162 1463 1524 1516 magnitudinem
1552 1465 1779 1518 allegaret,

127 1535 203 1575 illa
236 1534 518 1588 affirmabat,
565 1539 643 1575 aut
685 1535 912 1576 marinam
956 1535 1124 1576 bouem
1158 1535 1301 1577 fetum
1334 1536 1560 1578 edituram
1594 1542 1671 1578 aut
1704 1538 1780 1578 ali-

128 1620 263 1661 quem
311 1607 454 1647 alium
494 1620 652 1648 casum
692 1612 850 1648 contra
892 1607 1120 1649 vlcionem
1160 1608 1379 1649 futurum.
1459 1610 1604 1663 Rapta
1644 1610 1780 1663 igitur

126 1679 305 1720 armilla
347 1679 519 1721 Frotho
559 1680 783 1733 premisit,
830 1681 907 1735 qui
955 1684 1214 1721 matronam
1255 1693 1360 1722 cum
1406 1682 1511 1722 filiis
1544 1687 1777 1736 caperent;

126 1752 222 1806 ipse
261 1765 368 1793 vero
408 1752 455 1792 in
495 1765 631 1793 curru
673 1757 858 1807 propter
890 1757 1169 1794 senectutem
1203 1754 1364 1795 sedens
1398 1755 1777 1809 subsequebatur.

127 1825 230 1875 Quo
264 1824 506 1866 accedente
538 1825 612 1866 illa
646 1825 1002 1878 transfigurabat
1026 1839 1073 1866 se
1095 1826 1140 1865 in
1169 1839 1357 1867 vaccam
1385 1827 1626 1879 marinam,
1660 1827 1779 1869 filios

126 1910 233 1938 vero
275 1896 321 1937 in
363 1897 560 1951 speciem
599 1898 862 1940 vitulorum.
940 1898 1204 1939 Ammirans
1245 1912 1323 1939 rex
1362 1899 1515 1952 posuit
1554 1913 1601 1940 se
1643 1913 1779 1954 super

126 1973 292 2010 terram
334 1970 390 2010 ad
431 1969 696 2022 videndum,
744 1971 1035 2025 precepitque
1075 1971 1311 2021 militibus,
1359 1976 1404 2012 vt
1437 1971 1605 2012 bestias
1636 1971 1777 2025 impe-

127 2042 296 2091 dirent;
343 2046 387 2082 at
426 2055 565 2083 vacca
606 2056 748 2084 cornu
792 2047 998 2096 pretento
1030 2055 1180 2095 regem
1213 2055 1422 2096 aggressa
1455 2044 1647 2084 alterum
1682 2044 1779 2085 eius

127 2115 244 2155 latus
277 2115 502 2165 confodit,
535 2115 702 2156 milites
734 2120 886 2156 autem
921 2116 1084 2156 iaculis
1118 2116 1283 2157 bestias
1310 2116 1590 2168 occiderunt,
1622 2117 1779 2157 aduer-

126 2190 367 2240 teruntque
393 2187 599 2228 humana
626 2200 819 2241 corpora
847 2188 1115 2229 bestialibus
1140 2188 1331 2241 figurata
1354 2187 1627 2253 (capitibus).
1677 2190 1780 2231 Cor-

214 2315 248 2351 2.
293 2315 512 2362 yberniam
543 2346 549 2352 .
576 2347 581 2353 .
615 2317 835 2364 hybernici
883 2318 936 2362 D;
993 2317 1076 2353 hib.
1104 2348 1108 2353 .
1136 2348 1141 2354 .
1168 2318 1266 2364 hyb.
1317 2318 1371 2361 Vg
1431 2318 1496 2365 yb.
1525 2349 1530 2354 .
1557 2349 1562 2354 .
1590 2319 1655 2365 yb.
1702 2319 1777 2356 AS.

129 2372 164 2408 3.
199 2373 398 2409 kenillum
433 2374 493 2409 vel
522 2374 724 2410 keuillum
756 2375 833 2411 AS.
912 2376 947 2410 4.
982 2374 1110 2411 frater
1148 2372 1214 2423 (ff)
1253 2378 1346 2411 ante
1381 2377 1498 2412 sistes
1532 2387 1609 2412 om.
1642 2377 1778 2418 codd..-

127 2440 177 2466 εκ
220 2429 383 2466 Saxone
424 2433 517 2476 post
562 2434 776 2478 superstes
820 2432 912 2470 add.
964 2431 1187 2478 Lanyebek.
1279 2433 1313 2468 5.
1355 2434 1503 2479 resign.
1550 2436 1704 2469 terram
1739 2434 1776 2470 S.

129 2486 238 2522 6-7.
271 2488 413 2534 anniq,
444 2497 526 2523 xxx
558 2489 611 2533 V;
643 2488 771 2525 Annis
806 2499 909 2525 xxx.
942 2490 986 2525 A.
1057 2490 1092 2525 7.
1128 2489 1273 2536 quue
1305 2490 1380 2526 AS.
1443 2491 1551 2527 8—9.
1585 2491 1777 2527 Christus

129 2547 250 2580 natus
297 2547 358 2580 est
404 2545 455 2581 de
500 2556 535 2581 v.
584 2546 632 2581 M.
680 2547 732 2589 A,
793 2546 883 2581 ilem
931 2545 1016 2588 VS,
1078 2546 1157 2582 nisi
1210 2547 1318 2593 quod
1364 2548 1396 2582 V
1452 2548 1644 2584 Christus
1699 2559 1777 2584 om.

129 2601 267 2638 9—10.
315 2602 413 2648 imp.
460 2603 524 2638 sui
573 2602 669 2649 fulg.
718 2603 793 2639 AS.
889 2604 949 2638 10.
1000 2613 1224 2649 prerogare
1264 2605 1308 2639 A.
1406 2606 1467 2640 11.
1509 2605 1775 2640 latrocinium

127 2656 262 2705 (-am!)
306 2657 420 2706 A(S).
511 2671 718 2696 summam
765 2660 926 2706 scripsi3
973 2671 1091 2696 suam
1135 2661 1240 2696 DVA
1286 2661 1338 2709 (et
1381 2660 1522 2708 Saxo);
1568 2673 1690 2697 vnam
1739 2662 1778 2698 S.

134 2715 191 2750 12.
224 2715 328 2753 tales
360 2726 438 2752 om.
470 2717 516 2752 V.
615 2717 673 2753 13.
706 2717 857 2753 deinde
889 2717 964 2753 AS.
1051 2718 1091 2752 in
1126 2718 1263 2754 ruscia
1279 2716 1320 2766 (Σ)
1349 2719 1391 2754 A.
1482 2720 1541 2754 14.
1575 2718 1701 2764 affligi
1733 2719 1778 2754 V.

133 2771 192 2807 16.
226 2773 332 2819 magi
365 2773 407 2809 A.
476 2785 598 2809 suum
632 2785 711 2809 om.
745 2774 778 2809 D
809 2774 861 2822 (et
890 2772 1022 2821 Saxo).
1088 2775 1148 2809 17.
1181 2778 1348 2821 raperet
1378 2776 1541 2821 scripsi3
1574 2776 1778 2821 reciperet

127 2829 239 2865 codd.
316 2829 535 2866 ortabatur
559 2832 604 2867 V.
670 2832 733 2867 18.
767 2831 1020 2867 maritimam
1046 2831 1110 2867 AS
1142 2830 1289 2880 (Saxo).
1356 2833 1414 2868 19.
1448 2843 1590 2868 casum
1627 2843 1704 2869 om.
1734 2834 1777 2868 A.

130 2885 313 2922 futuram
347 2887 423 2923 AS.
513 2892 680 2934 recepta
714 2888 824 2924 codd.
915 2891 1053 2924 autem
1087 2889 1163 2924 AS.
1254 2890 1316 2925 20.
1353 2888 1450 2938 {ngep
1484 2890 1674 2936 premisit
1705 2890 1777 2936 qui

129 2946 365 2979 matronam
398 2955 430 2980 c.
456 2944 480 2980 f.
513 2948 712 2991 caperent
740 2945 792 2989 D,
826 2945 1014 2991 precepit
1044 2949 1086 2980 vt
1119 2949 1308 2982 matrona
1338 2957 1368 2982 c.
1400 2947 1421 2982 f.
1454 2949 1676 2993 caperetur
1701 2946 1776 2982 AS.

130 2999 192 3035 24.
226 3001 413 3048 precepit
436 3003 479 3038 A.
551 3002 805 3048 impedirent
834 3001 924 3047 fori.
955 3013 1032 3047 pro
1064 3003 1445 3039 circumcluderent
1478 3004 1536 3039 vel
1567 3008 1774 3049 caperent.

131 3056 197 3092 25.
229 3061 418 3104 pretenta
450 3058 527 3094 VS.
612 3059 674 3095 27.
708 3059 916 3105 capitibus
948 3059 1111 3100 addidi‚·
1157 3059 1227 3105 cfr.
1259 3060 1385 3096 Saoeo:
1435 3060 1775 3097 animaduertunt

132 3112 318 3150 humana
349 3115 558 3155 cadauera
589 3115 734 3152 ferinis
768 3116 976 3163 capitibus
1009 3116 1197 3163 praedita.

1805 606 1824 635 5

1809 970 1849 1001 10

1810 1333 1848 1363 15

1805 1696 1848 1726 20

1806 2057 1847 2088 25
