2150 3584
352 1032 389 1062 10

354 1394 392 1424 15

351 1757 394 1787 20

353 2119 395 2149 25

356 2482 397 2512 30

416 248 498 287 238
754 259 1029 287 semp'rosssss
1062 259 1288 288 HISTORIAE
1320 258 1497 287 DANICAE
1528 259 1727 288 MiNoREs

417 372 537 425 ligna
570 372 690 413 circa
723 386 880 413 muros
912 373 1174 413 inaltandos
1206 373 1452 424 eriguntur.
1502 374 1637 423 Quod
1661 384 1889 425 agnomen
1915 374 2061 414 Roluo

417 446 501 485 sibi
534 446 783 497 gaudenter
825 445 1096 498 assumpsit,
1137 449 1272 498 atque
1303 445 1495 497 Viggoni
1537 445 1790 499 imponenti
1832 445 2061 486 armillam
2116 459 2125 463 ἱ

416 518 559 566 dedit,
592 530 697 558 cum
730 530 820 570 qua
840 517 980 569 Viggo
1006 517 1237 558 dexteram
1263 531 1395 558 suam
1424 518 1620 569 ornauit,
1652 517 1882 558 sinistram
1908 521 2060 558 autem

418 594 519 643 post
549 594 723 642 tergum
757 590 943 630 reflexit.
993 590 1083 640 Qui
1109 602 1213 630 cum
1241 589 1608 642 interrogaretur,
1634 603 1715 631 cur
1740 590 1805 631 sic
1822 591 2063 641 incederet,

417 662 596 702 dicebat
627 662 858 702 sinistram
892 663 1211 714 verecundari,
1254 663 1378 716 quod
1411 663 1466 702 ad
1502 662 1849 703 similitudinem
1882 663 2063 703 dextere

418 738 631 775 ornatum
664 748 755 775 non
790 735 997 785 haberet,
1030 738 1216 788 propter
1240 734 1363 787 quod
1392 735 1539 776 Roluo
1573 748 1673 775 eam
1705 735 1847 776 instar
1879 734 2064 775 alterius

417 807 663 848 decorauit.
739 807 880 859 Viggo
913 812 1066 848 autem
1100 806 1297 848 Roluoni
1330 807 1553 860 promisit,
1600 811 1658 859 vt,
1704 807 1740 848 si
1779 821 1884 848 eum
1917 805 2064 848 occidi

418 880 719 931 contingeret,
776 879 873 932 ipse
919 880 976 920 ab
1026 880 1123 920 eius
1169 879 1535 921 interfectoribus
1584 880 1778 933 exigeret
1822 880 2063 921 vlcionem.

418 952 553 1002 Quod
586 956 628 993 et
660 952 829 992 factum
864 957 942 1004 est,
974 956 1021 993 vt
1052 951 1297 1006 sequencia
1330 952 1636 993 manifestant.

503 1025 621 1065 VIII.
684 1025 850 1066 Occiso
896 1029 1050 1065 autem
1097 1024 1254 1077 Atislo,
1300 1028 1347 1065 vt
1392 1038 1530 1078 supra
1577 1025 1750 1066 dictum
1790 1029 1868 1077 est,
1918 1024 2065 1064 Roluo

418 1098 647 1150 quendam
683 1098 879 1151 probum
912 1098 1144 1149 iuuenem,
1179 1097 1469 1138 Hiarwarum
1502 1098 1704 1150 nomine,
1735 1097 1952 1151 imposito
1980 1095 2066 1136 sibi

418 1183 574 1210 annuo
602 1170 772 1211 tributo
792 1170 960 1211 Swecie
986 1170 1237 1223 prefectum
1264 1170 1513 1222 constituit,
1536 1174 1671 1224 atque
1699 1183 1901 1211 sororem
1933 1181 2064 1209 suam

419 1242 556 1282 aliam
590 1242 806 1283 Sculdam
840 1243 926 1283 sibi
958 1256 1144 1282 vxorem
1178 1242 1313 1283 dedit.
1392 1242 1491 1293 Que
1531 1255 1635 1283 cum
1676 1243 1722 1283 in
1756 1242 1928 1284 Swecia
1960 1253 2066 1282 cum

420 1315 515 1355 viro
550 1319 766 1367 maneret,
799 1319 1020 1368 permota,
1053 1316 1176 1369 quod
1209 1315 1278 1356 vir
1310 1328 1420 1356 suus
1446 1315 1714 1356 tributarius
1741 1319 1869 1365 essct,
1903 1314 1942 1355 ei
1968 1325 2065 1367 per-

422 1387 585 1439 suasit,
640 1392 683 1427 vt
732 1387 927 1428 Roluoni
974 1387 1165 1428 insidias
1212 1387 1400 1439 faceret,
1447 1387 1661 1441 deditque
1707 1387 1975 1437 consilium,
2021 1388 2068 1426 vt

420 1462 563 1501 multa
590 1461 793 1514 pondera
819 1473 1055 1501 armorum
1082 1460 1276 1500 diuersis
1302 1460 1581 1512 tegminibus
1607 1461 1783 1500 inclusa
1809 1460 1894 1501 suh
1917 1457 2066 1512 specie

420 1533 576 1573 tributi
621 1534 668 1573 in
717 1534 915 1574 Daniam
963 1533 1115 1584 ferret,
1178 1533 1346 1586 quibus
1392 1545 1543 1585 regem
1591 1537 1816 1574 nocturno
1862 1535 2067 1584 tempore

419 1605 677 1646 trucidaret.
741 1606 881 1656 Igitur
929 1605 1208 1657 Hiarwarus,
1256 1618 1399 1646 naues
1445 1605 1640 1646 diuersis
1687 1605 1829 1646 armis
1875 1604 2068 1657 replens,

420 1678 552 1732 quasi
599 1678 767 1718 tributa
815 1679 990 1719 laturus
1037 1677 1083 1718 in
1131 1678 1347 1718 Lethram
1388 1678 1531 1728 venit,
1579 1679 1702 1732 quod
1750 1677 1942 1731 opidum
1989 1688 2069 1729 per

422 1751 678 1791 Roluonem
720 1751 936 1791 maximis
975 1750 1141 1804 opibus
1186 1749 1460 1790 illustratum
1494 1751 1578 1791 fuit
1610 1755 1745 1805 atque
1777 1749 1911 1802 regiis
1943 1761 2068 1788 man-

422 1822 630 1863 sionibus
685 1837 737 1864 eo
790 1827 996 1876 tempore
1049 1824 1329 1863 decoratum.
1422 1823 1568 1863 Roluo
1615 1827 1768 1864 autem
1820 1822 1974 1876 ipsum
2021 1819 2067 1860 in
2127 1874 2137 1875 ἡ

422 1895 691 1935 conuiuium
724 1896 906 1949 recepit,
939 1908 992 1936 ac
1024 1899 1208 1948 propter
1240 1895 1473 1948 hospitum
1506 1896 1704 1936 leticiam
1738 1909 1785 1936 se
1812 1892 2068 1935 inebriauit.

422 1967 565 2008 Sweci
596 1972 747 2009 autem
783 1973 941 2009 contra
975 1981 1149 2009 morem
1184 1981 1318 2008 suum
1354 1981 1399 2008 se
1431 1981 1457 2008 a
1490 1972 1600 2021 potu
1632 1968 1973 2016 abstinuerunt,
2009 1968 2070 2005 at—

423 2053 524 2093 que,
557 2044 603 2081 vt
633 2041 707 2094 alij
741 2041 942 2082 dormire
975 2044 1206 2093 ceperunt,
1239 2040 1326 2093 ipsi
1359 2053 1406 2080 se
1431 2044 1729 2081 armauerunt
1754 2044 1889 2093 atque
1914 2038 2067 2079 aulam

422 2113 612 2165 ingressi
645 2113 925 2154 dormientes
951 2126 1111 2153 necare
1139 2116 1369 2166 ceperunt.
1420 2113 1571 2153 Hialto
1598 2117 1765 2165 autem,
1790 2113 1906 2153 inter
1923 2109 2068 2162 regios

423 2198 630 2237 proceres
663 2185 884 2238 eminens,
915 2186 1091 2226 curiam
1125 2196 1332 2237 egressus
1359 2185 1506 2226 fuerat
1530 2199 1635 2226 cum
1662 2189 1812 2226 scorto
1836 2186 2071 2238 pernocta-

422 2262 564 2299 turus.
627 2258 717 2308 Qui
750 2259 860 2298 dum
894 2258 1119 2298 clamores
1160 2259 1215 2298 de
1256 2258 1359 2297 aula
1393 2258 1510 2310 regis
1542 2271 1564 2299 e
1596 2258 1848 2312 longinquo
1880 2255 2070 2304 audiret,

424 2330 683 2383 suspicatus
729 2342 929 2383 pugnam
979 2330 1291 2370 fortitudinem
1340 2330 1520 2371 libidini
1571 2330 1755 2383 pretulit
1801 2342 1854 2370 ac
1911 2327 2070 2369 festine

425 2414 613 2455 surgens
645 2403 804 2453 exiuit,
837 2407 1053 2456 querente
1085 2407 1238 2443 autem
1265 2403 1514 2454 meretrice,
1546 2402 1620 2443 cui
1643 2403 1907 2456 amplexum
1930 2401 2071 2451 daret,

425 2476 461 2515 si
493 2476 589 2528 ipse
621 2475 667 2515 in
700 2486 853 2528 pugna
886 2476 1199 2526 occumberet,
1246 2480 1456 2516 v‹›catam
1498 2476 1554 2515 ad
1588 2488 1634 2515 se
1667 2488 1780 2515 naso
1826 2471 2071 2524 mutilauit,

425 2548 721 2588 libidinosam
753 2548 1164 2599 interrogacionem
1203 2549 1324 2601 turpi
1365 2548 1552 2588 vulnere
1584 2547 1880 2600 percellendo.
1958 2544 2073 2585 Con-

514 2657 548 2694 1.
583 2658 693 2693 circa
726 2669 803 2694 om.
839 2659 882 2693 D.
954 2664 967 2694 1
994 2658 1187 2693 altandos
1222 2658 1308 2702 DS,
1341 2657 1585 2692 exaltandos
1615 2655 1687 2704 V2;
1722 2651 1998 2702 calcandos(!)
2028 2653 2070 2688 A.

427 2715 462 2749 5.
497 2714 639 2750 dextre
672 2715 741 2750 VA
772 2714 836 2763 <Sz
869 2714 989 2763 dexe).
1054 2716 1089 2751 6.
1124 2715 1174 2750 ad
1208 2715 1339 2750 instar
1368 2714 1443 2750 AS.
1509 2715 1542 2749 7.
1576 2714 1610 2750 si
1642 2714 1780 2760 ipsum
1814 2712 1853 2749 S.
1915 2712 1950 2748 8.
1982 2710 2071 2746 eius

427 2770 474 2806 D¹
491 2772 537 2816 S,
573 2771 630 2807 eis
651 2772 767 2808 DVA.
830 2773 865 2808 9.
889 2776 928 2808 et
951 2773 1047 2809 οὖν
1076 2771 1186 2820 (fort.
1210 2783 1286 2818 pro
1311 2769 1468 2819 eciam).
1533 2772 1594 2807 11.
1612 2771 1807 2807 iuuenem
1828 2768 2007 2816 probum
2027 2767 2071 2803 V.

429 2829 684 2874 Hyarwarus
725 2830 757 2864 A
797 2840 963 2874 semper.
1057 2829 1117 2864 14.
1157 2829 1418 2865 tribunarius
1452 2828 1490 2864 S.
1584 2829 1645 2864 15.
1685 2827 1807 2863 roluo
1849 2827 1901 2871 D,
1948 2824 2070 2861 roluo

427 2886 465 2920 in
494 2886 537 2922 V.
604 2887 661 2921 19.
696 2886 886 2922 laethram
912 2889 964 2932 A,
997 2887 1176 2922 lathram
1204 2886 1242 2922 S.
1306 2887 1369 2922 20.
1401 2886 1655 2921 illustratum
1687 2885 1815 2929 Saxo,
1846 2883 2068 2918 lustratum

426 2943 537 2978 codd.
630 2942 707 2978 fuit
737 2954 815 2979 om.
850 2941 898 2979 D.
988 2941 1177 2991 regnis(!)
1209 2943 1247 2978 S.
1339 2944 1402 2978 21.
1438 2943 1490 2978 dfi
1525 2944 1621 2988 (pro
1653 2943 1767 2986 tunc)
1798 2939 1999 2986 temporis
2032 2938 2071 2974 S.

429 3001 491 3036 22.
528 2999 737 3047 ret-epoto)
770 3000 815 3036 V.
894 3001 956 3036 23.
990 3012 1033 3036 se
1076 3002 1183 3044 (ante
1215 3011 1234 3035 a
1271 3001 1386 3046 potu)
1427 3011 1504 3035 om.
1537 3000 1581 3035 V.
1658 2999 1825 3034 24—25.
1865 2997 1943 3043 ipsi
1977 3007 2069 3031 se..

427 3061 629 3100 ceperunt
661 3068 737 3095 0111.
772 3059 814 3093 A.
877 3059 939 3093 27.
972 3068 1066 3093 cum
1101 3057 1308 3093 clamores
1340 3058 1382 3092 A.
1455 3067 1502 3092 ex
1536 3056 1642 3102 long.
1675 3056 1750 3091 AS.
1812 3055 1874 3090 29.
1908 3053 2070 3097 exuit(!)

428 3123 601 3158 surgens
635 3113 672 3149 S.
736 3115 799 3150 30.
835 3115 874 3149 in
909 3125 986 3150 om.
1019 3115 1062 3149 V.
1126 3114 1188 3150 31.
1215 3113 1437 3160 „pcellendo
1469 3113 1597 3158 codd„
1628 3112 1793 3148 correxi.
