2150 3584
380 193 458 232 104
717 200 991 230 SCRIPTORES
1025 199 1250 228 HISTORIAE
1283 198 1459 227 DANICAE
1490 197 1689 226 MINORES

1169 312 1225 371 X

342 420 596 464 'militibus
634 421 723 462 tuis
762 420 1152 474 conspicientibus
1191 419 1470 461 strenuitatis
1512 431 1682 459 nomen
1723 418 2015 459 nanciscaris.

307 1080 348 1111 10

307 1442 348 1473 15

305 1805 348 1836 20

307 2165 348 2196 25

375 494 575 547 Interim,
623 494 833 546 agedum,
880 496 922 533 et
968 492 1205 534 scientiam
1245 490 1478 545 perdis-cito
1524 491 1770 531 aduersarii
1817 494 1858 530 et
1902 490 2019 531 ictus

374 564 573 606 ferientis
620 564 902 617 persentito.«
982 563 1284 617 Campionem
1331 548 1521 617 <autem>
1567 561 1614 602 in
1661 562 1786 603 hunc
1826 563 2018 602 modum

374 637 639 692 alloquitur:
680 635 894 676 »Virtutis
924 639 1000 676 tue
1032 635 1357 689 experientiam
1391 635 1483 675 iam
1515 635 1643 675 locus
1668 637 1735 674 est
1753 645 2018 688 propagare,

375 709 412 751 si
458 708 719 750 cornminus
765 707 1011 749 accesseris
1057 711 1098 748 et
1152 720 1274 760 eam,
1335 720 1475 761 quam
1527 707 1705 761 pridem
1751 706 2019 747 Alamannis

374 781 565 834 gloriam
613 780 869 834 ostendisti,
927 779 1071 820 Danis
1124 793 1308 834 quoque
1353 780 1594 833 propalare
1640 792 1734 820 non
1780 779 2018 820 cuncteris.

373 853 611 906 (Quoniam
645 852 775 905 nunc)
806 852 942 905 igitur
973 852 1146 892 famam
1178 856 1253 892 tue
1286 851 1565 892 strenuitatis
1596 851 1765 905 poteris
1796 850 2017 904 ampliare

375 930 416 966 et
455 926 627 978 egregie
668 925 790 966 dono
830 924 964 965 ditari
998 924 1323 976 munificentie,
1372 923 1409 964 si
1448 927 1491 964 et
1528 922 1762 964 dominum
1803 923 2020 977 precedas

374 1002 416 1039 et
454 998 599 1051 clipeo
640 997 919 1038 defensionis
958 1010 1064 1038 eum
1094 996 1278 1050 tuearis,
1326 997 1516 1047 studeat,
1563 1008 1718 1049 queso,
1759 995 2020 1037 Teotonicis

374 1074 556 1123 experta
597 1069 839 1110 strenuitas
872 1068 1071 1126 ,uafritiis
1111 1069 1220 1109 artis
1262 1068 1547 1122 pugillatorie
1588 1068 1744 1108 Danos
1783 1067 2020 1120 instruere,

374 1146 423 1183 ut
452 1143 636 1183 tandem
671 1145 825 1195 optata
857 1142 1028 1195 potitus
1059 1141 1252 1182 uictoria
1284 1154 1390 1182 cum
1419 1140 1643 1194 triumphi
1670 1140 1826 1181 ualeas
1850 1140 2020 1181 exulta-

373 1214 496 1255 tione
549 1215 607 1254 ad
660 1214 854 1268 patriam
907 1227 1150 1255 remeare«
1244 1213 1335 1264 Qui
1388 1226 1494 1254 cum
1546 1212 1819 1266 complesset
1864 1212 2020 1253 exhor-

373 1287 606 1339 tationem,
654 1286 819 1340 pugilis
865 1286 1091 1327 cassidem
1138 1290 1232 1328 toto
1278 1286 1503 1340 percussit
1548 1283 1804 1337 conamine,
1849 1284 1911 1325 ita
1959 1288 2021 1337 ut,

374 1373 465 1413 quo
497 1359 699 1409 feriebat,
746 1359 925 1411 gladius
957 1358 1004 1399 in
1036 1359 1128 1399 duo
1161 1359 1506 1400 distribueretur.
1570 1357 1710 1399 Cuius
1751 1358 1903 1410 fragor
1940 1370 2020 1411 per

375 1432 644 1472 uniuersum
696 1430 896 1472 intonuit
952 1431 1218 1482 exercitum3
1277 1432 1399 1472 unde
1451 1431 1617 1471 cohors
1663 1430 2021 1471 Teotonieorum

374 1504 650 1545 exultatione
682 1504 1006 1557 perstrepebat,
1040 1504 1279 1544 Danorum
1313 1516 1563 1545 econuerso
1588 1503 1791 1557 phalanx
1815 1502 2021 1556 despera-

372 1576 510 1617 tionis
569 1576 847 1618 consternati
898 1576 1080 1616 tristitia
1135 1576 1412 1629 gemebundi
1466 1576 1831 1617 murmurabant.
1921 1575 2016 1616 Rex

374 1661 532 1689 eorum
581 1652 629 1689 ut
674 1648 871 1701 audiuit,
918 1649 1026 1702 quia
1072 1648 1155 1689 filii
1202 1648 1323 1690 ensis
1365 1648 1582 1701 dissiluit,
1629 1648 1676 1688 in
1723 1647 1928 1700 margine
1975 1660 2021 1689 se

374 1721 507 1761 iussit
551 1720 704 1775 pontis
749 1721 902 1762 locari.
980 1722 1037 1762 Et
1082 1721 1233 1762 subito
1281 1724 1506 1775 exempto,
1553 1734 1644 1775 quo
1691 1720 1867 1761 cinctus
1914 1723 2021 1772 erat,

374 1793 524 1845 gladio
556 1793 723 1847 pugilis
753 1793 826 1833 ille
857 1806 1019 1834 coxam
1052 1794 1322 1846 cruentauit,
1369 1806 1453 1834 nec
1490 1806 1634 1845 mora,
1679 1792 1814 1833 etiam
1854 1792 2022 1846 pariter

375 1869 512 1919 caput
550 1865 820 1919 amputauit.
883 1865 956 1907 Sic
996 1866 1132 1918 igitur
1169 1867 1307 1907 ludus
1348 1866 1543 1918 fortune,
1591 1864 1743 1906 uarius
1782 1865 1839 1906 ad
1880 1864 2022 1905 instar

375 1938 495 1991 lune,
527 1951 652 1979 nunc
682 1938 771 1978 illis
797 1938 1085 1980 successibus
1110 1939 1344 1992 illudebat,
1377 1942 1419 1980 et
1450 1938 1619 1993 quibus
1643 1937 1828 1979 iamiam
1855 1937 2022 1978 exulta-

374 2009 498 2049 tione
522 2009 707 2050 fauebat
730 2009 915 2062 ingenti,
948 2011 1182 2051 nouercali
1206 2023 1331 2052 nunc
1356 2011 1488 2051 uultu
1516 1996 1597 2064 (et)
1627 2013 1761 2051 toruo
1786 2009 2022 2063 conspexit

375 2080 556 2122 intuitu.
619 2067 737 2135 <Hoc
767 2068 961 2135 coquito>
994 2082 1146 2123 senior
1178 2082 1267 2122 iam
1303 2082 1609 2123 confidentius
1641 2081 1780 2135 priori
1813 2094 1859 2121 se
1890 2080 2022 2121 iussit

376 2153 480 2193 sede
511 2153 665 2194 locari.
728 2153 821 2193 Nec
851 2153 945 2194 iam
978 2153 1057 2194 diu
1096 2139 1299 2209 (anceps)
1338 2153 1481 2195 extitit
1512 2153 1717 2205 uictoria,
1763 2164 1870 2193 cum
1909 2137 2021 2207 <ille>

375 2224 466 2264 iam
522 2225 579 2264 ad
633 2225 781 2278 ripam
837 2226 1012 2279 pepulit
1065 2226 1327 2267 mediamne
1377 2227 1593 2267 heredem
1639 2224 1820 2279 imperii
1865 2224 2020 2278 ibique

375 2297 488 2336 haut
518 2296 762 2338 difficulter
790 2298 941 2350 gladio
973 2298 1211 2350 iugulauit.
1275 2298 1439 2352 Sicque
1478 2299 1677 2339 duorum
1718 2297 1843 2338 solus
1875 2297 2021 2338 uictor

376 2368 571 2409 existens
611 2369 753 2410 Danis
798 2370 955 2411 multis
993 2375 1112 2412 retro
1158 2370 1444 2425 temporibus
1489 2370 1728 2411 infamiam
1774 2369 2020 2422 irrogatam

376 2441 572 2493 gloriosa
626 2441 792 2483 uirtute
848 2442 1090 2494 magnifice
1137 2444 1246 2484 satis
1292 2444 1506 2484 aboleuit.
1596 2442 1866 2483 Alamannis
1913 2454 2019 2483 cum

307 2526 350 2557 30
376 2512 642 2566 improperii
682 2515 958 2555 uerecundia
1000 2515 1280 2570 cassatisque
1327 2516 1559 2557 minarum
1601 2514 2020 2569 ampullositatibus

377 2598 481 2626 cum
530 2585 722 2639 propriis
764 2587 821 2627 ad
860 2588 1045 2641 propria
1084 2589 1410 2641 remeantibus,
1456 2588 1754 2642 postmodum
1800 2587 1847 2627 in
1892 2587 2019 2640 pacis

376 2657 701 2711 tranquillitate
734 2659 929 2712 precluis
960 2658 1109 2714 (Wffo)
1142 2660 1269 2713 regni
1301 2660 1371 2701 sui
1403 2661 1585 2713 regebat
1616 2659 1875 2714 imperium.

464 2795 498 2829 2.
538 2794 743 2839 agendum
764 2795 1048 2841 ..perdidicit.
1142 2796 1176 2833 3.
1215 2797 1428 2843 persentit.
1521 2798 1555 2834 4.
1589 2807 1759 2844 pugure.
1850 2797 1885 2833 8.
1917 2796 2017 2832 dum

375 2849 466 2898 (pro
484 2849 608 2899 dnm).
653 2852 714 2887 10.
733 2852 881 2888 varias.
921 2853 1177 2900 11.tumphi.
1221 2855 1281 2890 14.
1299 2854 1523 2891 distribuit.
1566 2855 1630 2891 20.
1650 2854 1774 2890 illico.
1816 2853 2018 2891 21.nauis
