2150 3584
543 207 837 237 COMPENDIVM
871 206 1068 236 sixxoms.
1118 207 1200 235 Lm.
1234 207 1311 235 vui
1668 196 1745 235 331

107 338 161 367 ne
208 323 373 378 aliquis
419 321 648 363 sociorum
698 320 1129 373 superuenientibus
1177 321 1484 373 responderet,
1531 320 1607 360 sed
1657 319 1751 372 ipse

107 397 230 439 solus
263 409 344 450 pro
369 394 586 436 omnibus
613 393 886 445 loqueretur.
936 393 1055 432 Dum
1091 392 1225 443 igitur
1257 392 1579 445 crepusculum
1614 392 1752 438 fieret,

106 468 301 511 occurrit
349 467 416 507 vir
456 466 667 506 inusitate
711 463 1054 516 magnitudinis,
1102 464 1307 503 salutans
1347 476 1424 503 eos
1465 464 1749 504 nominatim.

106 540 402 595 Stupentibus
435 538 612 580 cunctis
642 536 909 577 Thorkillus
941 535 1067 588 dixit,
1101 537 1224 576 hunc
1256 548 1352 576 esse
1386 536 1752 586 Guthmundum,

106 615 286 655 fratrem
334 609 536 661 Geruthi,
585 608 819 662 piisimum
870 612 1169 661 protectorem
1218 608 1427 648 omnium
1476 607 1567 647 illic
1613 607 1753 660 appli-

105 684 329 726 cancium.
378 667 502 736 (Cui)
528 679 748 735 querenti,
775 679 885 733 quid
911 680 1045 720 ceteri
1071 678 1178 732 socij
1205 679 1270 720 sic
1294 679 1490 731 silerent,
1520 678 1755 731 respondit

107 755 387 807 Thorkillus,
434 753 556 808 quod
590 753 1010 793 verecundarentur
1041 765 1197 792 secum
1232 751 1371 805 loqui,
1411 764 1514 791 cuin
1551 751 1753 802 linguam

108 829 204 870 eius
231 841 323 869 non
350 827 464 868 bene
490 824 668 866 scirent.
718 824 941 865 Inuitatos
974 824 1110 876 igitur
1141 823 1270 864 duxit
1302 823 1347 863 in
1380 824 1570 864 domum
1601 835 1755 871 suam3

108 883 491 954 <sedTh0rlci11us>
523 899 695 937 secreto
728 896 906 937 monuit
940 908 1115 947 omnes,
1148 899 1193 936 vt
1224 899 1354 936 caute
1387 908 1433 936 se
1465 895 1508 934 in
1538 894 1756 935 omnibus

108 975 324 1026 gererent,
371 971 426 1011 de
468 969 570 1010 cibo
611 971 653 1009 et
692 972 801 1022 potu
843 967 1081 1009 domestici
1125 981 1216 1008 non
1249 971 1494 1019 gustarent,
1542 969 1618 1007 sed
1652 979 1756 1007 con-

107 1044 215 1086 tenti
272 1042 457 1097 proprio
517 1041 619 1083 cibo
666 1045 836 1092 essent,
898 1053 982 1081 nec
1026 1053 1131 1081 cum
1179 1039 1398 1080 intraneis
1444 1041 1498 1080 ad
1550 1052 1755 1080 mensam

109 1115 390 1159 coniunctim
425 1116 645 1166 sederent,
688 1127 910 1166 asserenS,
943 1114 1082 1168 quod,
1122 1112 1387 1167 quicunque
1419 1126 1471 1153 ex
1504 1112 1567 1152 eis
1599 1116 1757 1153 contra

110 1190 287 1241 faceret,
318 1187 490 1228 ibidem
523 1200 629 1228 cum
663 1186 881 1227 monstris
909 1185 955 1226 in
981 1189 1253 1239 perpetuum
1280 1188 1545 1225 moraretur.
1595 1184 1758 1225 Seden-

109 1262 232 1303 tibus
263 1260 399 1313 igitur
430 1259 494 1299 eis
526 1260 584 1299 ad
617 1272 801 1299 mensas
835 1271 920 1299 ,x11.
955 1257 1033 1311 filij
1065 1257 1353 1299 Guthmundi
1386 1256 1558 1309 egregie
1592 1256 1758 1296 indolis

111 1347 164 1376 ac
212 1346 297 1375 ‚xlr
346 1332 444 1373 eius
487 1331 578 1372 filie
618 1330 926 1385 pulcherrime
966 1344 1150 1371 mensas
1188 1329 1455 1370 circuibant.
1518 1328 1607 1379 Qui
1647 1329 1756 1368 dum

112 1405 466 1448 considerabant
506 1415 655 1456 regem
699 1403 937 1444 comedere
976 1404 1032 1443 de
1064 1402 1250 1456 proprio
1282 1406 1460 1442 tantum
1494 1401 1611 1453 cibo,
1657 1413 1760 1442 con-

112 1479 421 1534 querebantur
453 1476 777 1517 verecundiam
812 1475 898 1516 sibi
931 1475 1113 1528 factam,
1160 1476 1282 1530 quod
1325 1488 1406 1515 sua
1440 1474 1610 1515 fercula
1642 1486 1761 1526 sper-

113 1554 258 1599 neret;
318 1553 364 1589 at
408 1548 675 1590 Thorkillus
721 1547 978 1601 respondit,
1038 1561 1144 1601 sepe
1198 1561 1277 1601 per
1322 1546 1557 1588 insolitum
1606 1546 1759 1586 cibum

113 1622 426 1664 infirmitatem
453 1621 672 1674 generari,
704 1631 949 1675 regemque
975 1633 1067 1660 non
1091 1624 1312 1674 tanquam
1337 1619 1506 1673 hospiti
1533 1618 1761 1670 ingratum

116 1695 192 1736 sed
234 1693 368 1735 saluti
410 1705 490 1733 sue
533 1692 780 1746 prouidum
822 1691 1018 1746 propriis
1056 1690 1240 1732 cibariis
1278 1691 1352 1731 vti.
1415 1690 1585 1730 Videns
1617 1675 1761 1743 (erqo)

116 1767 457 1817 Guthmundus,
500 1778 545 1805 se
587 1778 678 1805 non
713 1778 846 1818 posse
879 1778 955 1805 eos
987 1764 1195 1817 decipere
1227 1776 1306 1817 per
1337 1763 1507 1813 cibum,
1553 1761 1684 1803 vertit
1717 1774 1763 1801 se

115 1841 171 1881 ad
207 1839 509 1891 frangendum
543 1850 701 1878 eorum
736 1837 1089 1887 continenciam,
1128 1837 1350 1889 offertque
1381 1835 1473 1887 regi
1507 1834 1646 1874 filiam
1681 1846 1762 1887 pro

116 1925 267 1964 vxore,
314 1910 473 1952 ceteris
514 1922 623 1951 vero
662 1909 852 1950 ancillas
894 1910 949 1950 de
989 1908 1177 1961 familia,
1224 1921 1339 1962 quas
1384 1907 1546 1960 eligere
1584 1906 1761 1946 vellent.

118 1985 201 2027 Cui
218 1982 514 2037 temptacioni
532 1982 799 2023 Thorkillus
821 1982 965 2023 eciam
993 1981 1206 2034 prudenti
1230 1980 1530 2033 responsione
1554 1977 1764 2029 occurrit,

118 2058 233 2098 dans
265 2055 401 2097 sociis
433 2054 695 2107 intelligere,
729 2054 984 2108 periculum
1019 2054 1225 2103 subesse3
1260 2055 1458 2107 quatuor
1489 2051 1610 2092 enim
1646 2049 1763 2090 Dani

117 2128 355 2169 libidinem
396 2127 530 2168 saluti
570 2126 846 2180 preferentes
887 2126 1037 2166 statim
1079 2130 1181 2178 post
1222 2125 1392 2165 facturn
1432 2122 1765 2164 alienacionem

119 2200 294 2242 mentis·
329 2200 633 2240 incurrerunt.
723 2199 886 2239 Adhuc
933 2198 1282 2248 Guthmundus,
1329 2196 1415 2237 orti
1463 2195 1532 2236 sui
1579 2194 1766 2234 delicias

209 2333 241 2368 1.
274 2332 578 2378 responderent
609 2330 654 2368 A.
741 2332 776 2367 2.
808 2342 886 2378 pro
919 2329 1163 2366 hominibus
1196 2330 1241 2366 V.
1319 2329 1353 2365 3.
1387 2329 1449 2364 vir
1478 2327 1538 2376 (ut
1566 2324 1690 2373 Saxo)
1722 2326 1767 2369 D,

122 2390 211 2426 item
244 2388 297 2424 Vl
327 2400 404 2435 pro
435 2389 505 2425 vbi
536 2389 679 2433 delam
721 2399 828 2424 vnus
859 2388 911 2433 A;
950 2387 1007 2423 ibi
1041 2386 1213 2433 quidam
1247 2386 1285 2422 S.
1363 2386 1398 2422 4.
1433 2385 1534 2421 dixit
1566 2384 1690 2421 Tork.
1725 2383 1765 2418 S.

120 2447 299 2483 Gudhm.
347 2446 393 2491 V,
440 2446 587 2482 Gudm.
633 2446 679 2490 S,
726 2446 860 2481 Gutm.
907 2446 959 2488 A,
1005 2444 1041 2480 ei
1085 2444 1142 2479 sic
1188 2443 1229 2479 in
1275 2453 1379 2489 seqq.
1425 2453 1530 2488 scepe
1575 2440 1768 2477 variatur.

122 2505 157 2540 5.
190 2503 426 2550 piissimum
460 2514 561 2539 corr.
593 2513 642 2538 ex
673 2502 902 2549 pessimum
936 2502 981 2537 V.
1053 2502 1087 2537 6.
1122 2500 1197 2535 Cui
1230 2499 1380 2536 addidi.
1459 2499 1559 2545 quid
1592 2508 1692 2534 corr.
1727 2496 1768 2532 in

121 2571 197 2596 cur
229 2559 287 2596 S2.
351 2561 384 2596 7.
417 2560 515 2606 quia
548 2560 742 2605 lingwam
777 2559 824 2604 S3
856 2569 951 2594 cum
985 2568 1062 2593 om.
1095 2557 1139 2592 A.
1204 2557 1238 2592 8.
1271 2557 1376 2592 bene
1410 2567 1491 2592 non
1526 2556 1565 2591 S.
1646 2553 1769 2600 igitur

121 2628 199 2654 om.
240 2617 279 2653 S.
369 2618 405 2653 9.
447 2617 519 2652 sed
561 2616 805 2652 Thorkillus
844 2614 1004 2659 addidi3
1050 2614 1294 2649 Thorkillus
1334 2615 1490 2648 tantum
1532 2612 1624 2648 add.
1664 2612 1696 2646 A
1735 2612 1771 2645 et

121 2673 234 2723 (post
265 2671 443 2722 monuit)
474 2674 513 2709 S.
578 2674 639 2709 10.
675 2673 724 2708 de
757 2673 851 2709 cibo
884 2672 935 2708 de
968 2674 1067 2718 potu
1102 2672 1145 2707 A.
1210 2672 1272 2707 11.
1305 2668 1769 2714 intraneizindigenae

124 2731 234 2777 apud
264 2730 479 2767 Saxonem.
572 2731 633 2766 15.
667 2729 898 2766 circuibant
932 2729 975 2765 D.
1071 2729 1129 2763 17.
1161 2730 1408 2774 spernerent
1441 2726 1555 2769 Dvs,
1594 2723 1770 2767 correoei3

124 2791 377 2834 spreuerunt
408 2789 453 2824 A.
540 2788 588 2823 19
606 2809 623 2812 -
641 2788 705 2823 20.
740 2790 936 2832 tanquam
958 2785 1080 2821 ..sed
1116 2784 1236 2828 DVS3
1269 2787 1429 2820 tantum
1450 2813 1455 2818 .
1476 2813 1481 2818 .
1501 2782 1572 2818 sed
1605 2783 1655 2825 A;
1687 2784 1769 2815 tam

126 2856 302 2891 ..quam
334 2845 453 2881 Saxo.
545 2845 608 2881 20.
649 2843 796 2880 salutis
838 2843 994 2878 malim.
1086 2850 1183 2887 ergo
1214 2838 1287 2888 (g0)
1317 2840 1474 2884 addidi3
1521 2849 1598 2874 om.
1637 2837 1771 2880 codd.;

125 2905 262 2938 autem
284 2901 403 2938 Saxo.
466 2904 531 2939 22.
565 2900 968 2944 incontinenciam(!)
993 2899 1032 2935 S.
1095 2898 1159 2934 23.
1195 2908 1292 2933 vero
1325 2908 1404 2933 om.
1432 2898 1476 2932 A.
1541 2897 1604 2931 24.
1640 2894 1770 2930 eciam

126 2969 204 2995 om.
235 2960 278 2994 A.
351 2959 627 3006 responsione
660 2956 860 3002 (rfisione)
891 2956 1016 3001 codd,
1051 2956 1119 2991 vix
1141 2956 1251 2999 recte,
1285 2953 1392 2989 nihil
1414 2953 1521 2989 enim
1547 2950 1770 2998 respondet,

126 3015 193 3050 sed
223 3017 381 3051 ostenso
403 3015 576 3062 periculi
604 3014 787 3060 exemplo
816 3013 1024 3056 admonet3
1057 3011 1218 3047 monitu
1244 3011 1362 3053 Saxo,
1398 3009 1503 3045 unde
1533 3008 1772 3045 monicione

127 3071 367 3119 scripserim.
460 3073 523 3109 27.
554 3072 821 3107 incurrerent
851 3071 895 3106 A.
986 3069 1133 3105 Adhuc
1163 3069 1237 3112 (vel
1268 3067 1326 3103 Ad
1361 3067 1456 3112 huc)
1487 3065 1569 3112 AS;
1600 3065 1658 3101 Ad
1692 3064 1773 3100 hoc

130 3129 206 3174 (vel
235 3128 295 3165 Ad
327 3128 421 3176 hec)
453 3129 537 3166 DV.
611 3128 705 3174 orti,
738 3127 760 3164 i.
783 3138 814 3165 ε.
847 3126 971 3164 horti.

1785 974 1824 1005 10

1787 1335 1827 1366 15

1789 1697 1831 1728 20

1790 2062 1832 2092 25
