2150 3584
580 190 873 218 COMPENJnvM
908 191 1105 219 SAxoms.
1157 192 1238 220 Lm.
1273 193 1364 220 xuu
1710 184 1791 222 423

148 317 251 345 eum
278 304 417 345 armis
443 303 610 343 bellare
637 304 786 354 vellet3
821 304 1109 356 precepitque
1130 318 1207 357 per
1224 305 1538 346 obedienciam
1560 307 1792 358 Absoloni,

146 380 191 416 vt
231 377 397 417 horum
438 376 681 416 verborum
724 377 889 416 relator
927 380 1041 415 esset
1075 377 1130 415 ad
1171 389 1334 427 regem,
1381 379 1495 417 daus
1536 379 1573 419 ei
1616 380 1789 419 socium

147 448 688 500 Gerardum,'abbatem
737 448 791 488 de
841 448 1025 495 fisi-om,
1080 448 1156 500 qui
1204 450 1427 489 ascultare
1474 451 1677 499 deberet,
1735 466 1790 491 an

145 520 348 561 Absolon
397 520 543 560 fidelis
591 520 757 560 relator
804 524 931 560 esset.
1024 521 1115 560 Rex
1171 521 1322 560 audita
1381 522 1609 573 legacione
1664 524 1792 563 valde

147 595 408 632 commotus
441 592 566 643 dixit,
615 592 840 632 Eskillum
882 592 1086 645 priorum
1129 603 1283 643 regum
1322 594 1589 645 sanguinein
1626 595 1792 635 bibisse

146 668 187 704 et
242 677 365 704 nunc
422 664 564 705 eciam
622 677 756 704 suum
814 664 948 704 sitire.
1041 664 1232 716 Cognito
1287 676 1504 717 responso
1554 668 1668 717 regis
1717 681 1793 720 per

147 735 398 776 Gerardum
442 737 816 790 archiepiscopus
858 736 1053 776 mutauit
1100 736 1448 789 impacienciam
1494 738 1537 778 in
1583 739 1790 780 timorem

145 812 281 862 atque
312 808 357 849 in
392 809 688 850 Werendiam
722 809 846 861 fugit.
909 809 1040 848 Tunc
1081 822 1157 848 rex
1200 809 1397 850 obsideri
1439 811 1540 850 secil
1579 816 1793 862 castrum,

144 881 269 934 quod
318 881 520 921 Eskillus
566 881 861 922 edificauerat
908 881 1030 921 iuxta
1081 881 1282 930 Laethr03
1338 895 1534 935 cumque
1583 888 1791 936 nepotem

145 952 241 993 eius
274 956 376 993 ante
409 957 609 994 castrum
652 954 931 1006 suspendere
970 953 1202 1004 voluisset,
1250 953 1326 1004 illi,
1375 954 1451 1007 qui
1492 954 1612 995 intus
1654 960 1793 1007 erant,

145 1029 345 1065 castrum
380 1025 674 1066 tradiderunt.
739 1025 842 1076 Quo
876 1025 1032 1066 audito
1066 1038 1223 1078 pacem
1260 1026 1419 1078 petiuit
1451 1040 1473 1066 a
1508 1038 1623 1078 rege,
1659 1032 1793 1081 atque

145 1110 227 1150 pro
259 1097 468 1138 amicicia
501 1098 598 1138 eius
631 1098 879 1151 optinenda
918 1098 1054 1149 bona,
1102 1111 1190 1151 que
1231 1098 1404 1151 priores
1444 1110 1566 1150 reges
1607 1100 1793 1140 ecclesie

145 1170 376 1222 dederant,
408 1170 498 1222 regi
531 1170 793 1223 resignauit.

230 1242 324 1282 XX.
387 1242 454 1282 Eo
491 1246 698 1296 tempore
737 1243 926 1296 quidam
962 1242 1273 1283 Christiarnus
1317 1243 1402 1282 sub
1445 1244 1629 1284 nomine
1663 1244 1792 1296 legati

145 1313 267 1353 venit
312 1314 359 1354 in
408 1315 611 1367 Daciam,
659 1319 704 1356 vt
745 1328 844 1356 eam
889 1315 1126 1355 induceret
1171 1315 1227 1354 ad
1275 1314 1482 1355 fauorem
1527 1315 1792 1361 Octauiani;

145 1385 335 1438 profecit
366 1386 539 1440 aliquid
574 1387 692 1428 circa
726 1399 892 1440 regem,
938 1388 1014 1428 sed
1048 1387 1170 1440 apud
1204 1386 1603 1440 archiepiscopum
1639 1388 1791 1428 nichil.

144 1458 312 1499 Volens
362 1463 513 1499 autem
554 1473 631 1500 rex
671 1460 786 1500 scire
827 1461 881 1500 de
920 1461 1009 1500 hoc
1048 1459 1269 1499 maiorem
1310 1459 1544 1499 veritatem
1578 1460 1791 1500 clericum

147 1543 281 1571 suum
303 1531 613 1585 Radulphum,
647 1532 840 1573 nacione
857 1532 1114 1584 Anglicum,
1147 1545 1229 1584 pro
1255 1532 1342 1571 hoc
1375 1531 1496 1571 misit
1521 1533 1577 1572 ad
1603 1532 1793 1585 impera-

145 1606 304 1644 torem.
368 1604 517 1654 Quem
557 1617 660 1645 cum
704 1604 953 1658 imperator
985 1605 1174 1644 honeste
1205 1603 1462 1656 recepisset,
1510 1603 1793 1645 Octauianus

146 1688 250 1716 eum
291 1676 436 1716 multo
477 1676 779 1730 sollempnius
818 1677 1000 1730 recepit,
1049 1677 1089 1717 ei
1135 1676 1415 1716 sacerdotem
1465 1689 1545 1729 pro
1593 1677 1794 1728 legendis

146 1747 272 1788 horis
298 1748 575 1800 assignando
601 1753 735 1802 atque
761 1750 1001 1800 annulum,
1029 1762 1120 1803 quo
1147 1748 1192 1788 in
1219 1748 1379 1788 diuino
1405 1747 1556 1789 officio
1585 1753 1794 1794 vteretur,

148 1819 405 1861 tribuendo.
491 1821 657 1862 Audita
713 1826 867 1862 autem
914 1821 1146 1873 legacione
1192 1821 1440 1872 imperator
1485 1821 1617 1871 dixit,
1670 1822 1793 1874 quod

147 1892 343 1932 multum
386 1892 646 1946 displiceret
684 1894 771 1935 sibi
812 1894 978 1935 scisma
1011 1893 1182 1934 factum
1223 1892 1269 1932 in
1311 1893 1514 1944 ecclesia,
1561 1897 1695 1946 atque
1737 1894 1792 1933 ad

146 1963 258 2004 illud
301 1965 702 2018 comprimendum
745 1967 878 2007 vellet
916 1966 1085 2006 habere
1127 1978 1288 2005 omnes
1329 1976 1453 2016 reges
1486 1969 1792 2016 congregatos.

148 2036 342 2088 Rogauit
367 2037 559 2090 proinde
585 2052 665 2092 per
689 2039 873 2089 litteras,
905 2042 951 2079 vt
967 2038 1291 2078 Waldemarus
1317 2036 1501 2087 veniret,
1527 2037 1794 2089 promittens

148 2121 230 2162 pro
262 2110 470 2150 mercede
501 2110 788 2163 fatigacionis
819 2123 957 2151 vnam
992 2109 1282 2163 prouinciam
1315 2109 1359 2149 in
1387 2109 1532 2149 Ytalia
1564 2121 1616 2149 ac
1648 2109 1793 2149 tocius

149 2180 300 2222 Slauie
332 2181 654 2235 principatum.
719 2184 969 2236 Postquam
1011 2181 1146 2234 igitur
1184 2194 1262 2221 rex
1304 2182 1474 2221 litteras
1507 2180 1794 2234 imperatoris

148 2253 330 2306 recepit,
375 2255 490 2295 adeo
531 2267 751 2296 accensus
794 2255 878 2296 fuit
915 2254 1141 2295 desiderio
1183 2253 1430 2294 accedendi
1469 2254 1523 2293 ad
1569 2266 1688 2304 eum,
1735 2256 1793 2302 vt,

148 2325 364 2379 quamuis
389 2339 468 2379 per
485 2327 765 2369 Absolonem
800 2332 841 2368 et
872 2327 986 2368 alios
1019 2326 1106 2366 sibi
1137 2325 1293 2366 fideles
1320 2325 1405 2365 sibi
1432 2326 1794 2378 persuaderetur,

149 2410 205 2438 ne
236 2398 438 2438 crederet
468 2398 645 2441 fallacie
677 2400 980 2454 imperatoris,
1012 2411 1304 2452 nequaquam
1331 2401 1484 2451 posset
1508 2410 1532 2437 a
1560 2396 1793 2450 proposito

149 2469 318 2510 diuelli.
389 2470 649 2525 Assumptis
689 2484 793 2525 ergo
837 2472 987 2524 sociis,
1034 2472 1089 2511 de
1136 2470 1305 2523 quibus
1351 2469 1625 2517 confidebat,
1672 2468 1794 2509 venit

237 2630 273 2665 8.
308 2626 517 2664 verediam
552 2628 603 2673 V;
650 2625 1000 2675 verecundiamo)
1031 2628 1073 2662 Α.
1164 2625 1357 2661 obsidere
1389 2624 1433 2660 Α.
1521 2624 1555 2659 9.
1596 2623 1733 2658 lathro
1766 2622 1793 2657 S

149 2685 206 2735 (in
239 2685 375 2722 solido
401 2684 576 2721 Letricae
609 2685 775 2731 paludis
807 2682 939 2731 Saxo).
1003 2684 1064 2720 11.
1099 2683 1371 2719 reddiderunt
1403 2680 1525 2722 codd..
1559 2680 1716 2715 correxi
1747 2688 1796 2713 ex

150 2743 320 2779 Saxone.
412 2742 474 2777 14.
514 2742 764 2778 eristiarnus
797 2741 843 2786 S,
890 2741 1136 2777 cristiernus
1169 2741 1211 2774 Α.
1306 2739 1365 2774 15.
1404 2737 1614 2773 octouiani
1656 2736 1721 2771 hic
1760 2737 1795 2770 et

152 2799 251 2836 alibi
288 2799 326 2835 S.
418 2799 481 2834 16.
520 2799 631 2835 circa
676 2799 801 2841 codd,
849 2798 918 2834 sed
959 2797 1101 2833 malim
1144 2806 1251 2842 erga.
1346 2795 1407 2830 18.
1449 2793 1701 2839 radolphum
1744 2793 1793 2829 A:

152 2856 411 2903 rodulphum
453 2856 493 2892 S.
586 2856 649 2892 20.
689 2856 725 2891 ei
758 2856 810 2899 V;
856 2855 934 2891 sibi
974 2854 1050 2891 AS.
1141 2854 1204 2889 21.
1243 2852 1413 2887 anulum
1456 2850 1493 2886 S.
1585 2851 1646 2884 24.
1691 2849 1793 2884 illud

150 2911 215 2962 (id)
245 2914 326 2959 AS;
358 2913 400 2948 id
432 2913 478 2949 V.
542 2913 607 2952 25,
642 2923 717 2958 per
747 2913 906 2948 litteras
938 2912 993 2956 V;
1025 2922 1100 2957 per
1132 2909 1399 2955 Radulphum
1434 2909 1486 2949 Ᾱ;
1520 2918 1594 2953 per
1625 2917 1718 2942 eum
1755 2906 1793 2941 S.

154 2971 217 3007 29.
250 2970 329 3007 sibi
361 2970 533 3006 alterum
564 2980 643 3008 om.
676 2969 753 3006 AS.
815 2970 878 3006 30.
912 2979 962 3004 ne
994 2969 1084 3012 VA3
1116 2970 1158 3003 vt
1191 2977 1240 3002 ne
1273 2966 1312 3002 S.

1524 3030 1590 3061 28*

1819 603 1837 631 5

1823 964 1861 993 10

1822 1325 1861 1355 15

1820 1688 1862 1718 20

1820 2049 1862 2079 25

1820 2410 1862 2441 30
