2150 3584
85 1076 124 1107 10

84 1686 122 1718 15

82 2049 123 2080 20

82 2408 123 2438 25

19 2768 125 2820 ‘30

477 197 695 226 SVENONIS
729 197 918 225 Anooms
952 197 1053 224 rimi
1090 196 1171 223 Lex
1204 195 1470 224 CAsrnENffls
1736 185 1783 222 71

950 307 989 368 S

151 431 241 458 non
271 418 552 468 altercantes,
585 417 680 470 pari
708 420 815 457 uoto
841 415 1131 465 famulentur,
1165 415 1381 467 nullaque
1406 414 1596 465 dissidii,
1630 414 1788 454 liuoris

150 494 227 531 aut
271 489 444 530 inuidie
491 489 669 530 macula
718 489 832 529 inter
878 501 955 529 eos
999 487 1229 537 existente,
1277 487 1490 527 concordi
1541 486 1790 526 uoluntatis

151 562 319 603 unione
364 561 618 611 coniuncti,
674 565 893 615 tanquam
942 560 1079 600 unius
1125 559 1285 612 capitis
1333 559 1537 598 membra
1587 563 1627 598 et
1674 558 1789 598 sicut

150 635 305 675 fideles
351 634 541 685 assecle,
598 633 711 674 nihil
767 633 945 673 sinistre
992 631 1268 685 suspicionis
1315 631 1429 671 inter
1476 644 1521 671 se
1570 632 1788 678 souentes,

151 707 286 748 unius
332 706 447 758 regis
494 706 722 746 mandatis
770 705 1011 746 unanimes
1058 704 1382 756 obtemperent.
1462 703 1690 747 Ceterum.
1743 707 1789 742 ut

151 778 316 820 Kanuti
371 779 485 830 regis
539 778 762 818 industria
812 778 1059 818 dissolutos
1107 776 1264 817 militie
1318 789 1467 816 mores
1522 775 1789 827 presractius

149 851 427 904 rigidiusque
450 851 789 902 constringeret,
813 851 1060 890 aduersum
1085 849 1275 889 effrenes
1300 847 1603 900 concitatique
1624 846 1789 897 ingenii

148 927 330 977 tyrones
363 923 601 963 seueritate
634 923 784 976 potius
817 935 956 976 quam
990 920 1133 961 nimio
1166 921 1323 960 fauore
1356 932 1409 960 ac
1433 919 1619 972 profusa
1646 919 1791 958 indul-

148 995 297 1047 gentia
340 996 560 1036 utendum
602 995 742 1036 duxit.
806 995 905 1035 Non
950 993 1070 1035 enim
1112 994 1167 1033 de
1207 992 1327 1032 facili
1367 996 1459 1032 tam
1494 1005 1788 1031 numerosam

150 1067 419 1119 clientelam,
466 1081 688 1120 sermone,
730 1067 937 1107 moribus
971 1070 1011 1106 et
1042 1065 1235 1116 ingeniis
1268 1065 1402 1104 ualde
1436 1063 1704 1104 dissimilem
1739 1077 1792 1103 ac

148 1139 502 1192 dissentientem,
534 1141 592 1181 ad
624 1143 834 1180 mutuam
866 1138 1161 1179 concordiam
1197 1149 1413 1177 reuocare
1439 1136 1670 1187 ualuisset,
1705 1136 1790 1176 nisi

149 1211 185 1251 si
212 1224 325 1265 pene
350 1211 634 1253 immanitate
659 1211 946 1266 precipitium
975 1222 1186 1250 excessus
1215 1212 1513 1262 temperasset
1545 1212 1586 1249 et
1619 1208 1790 1260 magni-

146 1283 303 1324 tudine
334 1283 634 1337 correptionis
666 1283 908 1325 audaciam
941 1281 1239 1336 delinquendi
1272 1281 1555 1322 refrenasset.

856 1408 981 1449 CAP.
1016 1407 1086 1448 IV.

443 1499 523 1538 DE
557 1497 760 1538 LEGVM
797 1495 1178 1537 CONDITIONE
1212 1495 1289 1534 ET
1324 1493 1500 1535 LOCO.

243 1570 387 1648 Cum
412 1604 546 1657 igitur
570 1604 616 1644 in
634 1603 807 1655 Anglia,
840 1601 967 1643 omni
996 1601 1193 1642 exercitu
1228 1614 1311 1641 suo
1344 1600 1547 1651 collecto,
1583 1600 1790 1639 Kanutus

148 1691 225 1719 rex
275 1677 452 1718 defessa
503 1676 676 1717 bellicis
730 1675 946 1729 operibus
999 1674 1205 1715 membra
1252 1672 1417 1726 quietis
1463 1671 1790 1724 tranquillitate

147 1755 381 1802 recrearet,
427 1749 656 1790 accersitis
695 1749 751 1789 ad
793 1761 839 1788 se
880 1747 991 1788 uiris
1030 1744 1399 1800 sapientioribus,
1447 1748 1487 1784 et
1529 1757 1644 1797 quos
1686 1748 1789 1783 ante

149 1823 261 1863 alios
300 1821 540 1876 prudentia
580 1821 750 1874 pollere
790 1823 995 1871 nouerat,
1042 1819 1206 1871 Opone
1245 1816 1457 1857 uidelicet
1489 1815 1789 1867 Sialandensi,

149 1899 450 1948 cognomento
484 1894 709 1947 Sapiente,
742 1897 784 1934 et
817 1892 990 1933 Eskillo
1024 1891 1121 1931 eius
1153 1890 1262 1941 filio,
1295 1889 1463 1942 quibus
1497 1888 1788 1942 potissimum

149 1967 444 2008 consiliorum
479 1979 667 2007 suorum
701 1979 867 2006 arcana
900 1967 1084 2018 propter
1108 1963 1355 2002 multarum
1381 1974 1534 2001 rerum
1560 1961 1790 2014 experien-

149 2040 256 2080 tiam
304 2039 646 2081 communicare
692 2042 734 2078 et
777 2038 1047 2079 concredere
1088 2035 1275 2086 solebat,
1321 2034 1451 2087 (quos
1498 2033 1633 2073 etiam
1682 2046 1789 2073 suos

150 2113 443 2153 constituerat
489 2111 779 2163 secretarios),
827 2123 930 2150 cum
979 2109 1034 2149 iis
1081 2107 1245 2148 seriam
1294 2105 1492 2159 suscepit
1538 2105 1789 2158 habuitque

149 2185 536 2236 deliberationem,
569 2196 771 2238 quonam
804 2181 1043 2234 discipline
1075 2180 1221 2231 rigore
1253 2178 1502 2219 iuuenilem
1531 2178 1789 2218 coherceret

149 2257 438 2298 insolentiam
486 2257 760 2310 firmamque
807 2255 852 2294 in
900 2257 1134 2307 posterum
1173 2252 1289 2291 inter
1335 2250 1500 2290 milites
1548 2262 1706 2302 pacem
1749 2253 1790 2288 et

149 2330 441 2371 concordiam
480 2328 686 2369 sanciret.
749 2326 975 2377 Quocirca
1024 2337 1183 2365 eorum
1231 2336 1369 2363 suasu
1416 2326 1551 2376 atque
1597 2321 1788 2361 consilio

149 2402 266 2454 leges
289 2401 598 2455 promulgauit
625 2403 891 2450 castrenses,
924 2410 1120 2452 quarum
1146 2395 1388 2436 formidine
1415 2395 1569 2434 nullus
1595 2394 1786 2433 alterum

149 2474 427 2529 quibuslibet
468 2472 647 2513 iniuriis
686 2472 905 2512 lacessere
944 2470 1142 2510 auderet.
1206 2468 1262 2507 Et
1300 2467 1407 2520 quia
1450 2467 1505 2507 ad
1547 2470 1790 2516 transgres-

150 2547 290 2588 sionis
321 2546 608 2600 precipitium
643 2545 847 2585 humana
881 2543 935 2582 sit
968 2540 1185 2595 procliuis
1211 2539 1428 2591 conditio,
1461 2552 1576 2592 opus
1603 2542 1708 2583 erat,
1744 2542 1789 2577 ut

150 2619 338 2672 singulis
369 2619 628 2673 quibusque
660 2614 1038 2670 preuaricationis
1071 2613 1252 2653 casibus
1282 2615 1494 2652 accurata
1522 2610 1789 2650 adhiberen-

148 2695 220 2732 tur
265 2691 478 2732 remedia.
569 2691 811 2742 Propterea
866 2691 958 2727 tam
1013 2686 1059 2725 in
1112 2684 1314 2724 minutos
1372 2696 1509 2736 quam
1558 2682 1789 2734 grauiores

151 2776 360 2804 excessus
392 2763 613 2817 exquisita
646 2761 856 2802 cautione
888 2757 1351 2799 animaduertendum
1382 2755 1547 2796 statuit.
1597 2755 1652 2795 Ut
1684 2764 1787 2805 ergo

150 2835 401 2888 expeditius
447 2835 504 2875 ad
550 2833 728 2886 negotia
769 2831 914 2883 magis
952 2831 1094 2870 ardua
1133 2832 1435 2878 transeamus,
1482 2828 1536 2868 de
1584 2825 1788 2866 minutiis

151 2907 274 2960 prius
308 2907 616 2960 dispiciemus.

233 3004 295 3040 Ad
327 3005 365 3041 S.
415 3006 524 3041 6-9,
556 3004 784 3040 dissolutos
828 3002 984 3037 militiae
1027 3010 1215 3035 mores..
1236 2998 1433 3034 utendum
1478 2997 1593 3032 duxit
1616 3011 1659 3026 z
1681 2994 1788 3031 Saxo

147 3071 186 3106 p.
216 3061 306 3106 535,
327 3062 450 3108 5sq.;
496 3061 547 3098 10
564 3071 646 3107 sqq.
724 3061 747 3096 9
779 3070 874 3106 sqq„
922 3057 992 3104 cfr.
1024 3056 1131 3093 Saxo
1159 3067 1199 3102 p.
1235 3055 1324 3099 525,
1346 3054 1404 3090 15.
1494 3055 1539 3089 17
1575 3063 1669 3099 sqq„
1717 3051 1789 3097 cfr.

150 3116 256 3154 Saxo
283 3129 323 3164 p.
358 3118 448 3162 526,
469 3117 589 3164 3sqq.
