2150 3584
230 977 271 1008 10

229 1321 271 1352 15

229 1665 272 1695 20

298 230 380 269 460
637 239 913 267 SCRIPTORES
946 238 1172 267 HlSTomAE
1205 238 1381 265 DANICAE
1414 238 1613 266 MxNORES

299 356 365 392 die
396 356 475 391 Viti
507 358 546 391 et
578 355 764 391 Modesti.
829 354 1178 401 Metropolitanus
1219 354 1345 400 igitur
1377 365 1470 390 cum
1505 338 1632 406 (suis)
1674 354 1948 401 suffraganeis

299 427 337 460 et
383 424 547 460 clericis
590 424 633 459 in
675 427 817 460 monte
857 427 1081 469 Vtrumque
1120 423 1373 459 excercitum
1417 427 1694 470 prospectans
1733 426 1948 470 tamquam

298 493 403 529 alter
434 492 600 538 Moyses
633 492 806 528 eleuatis
838 493 879 527 in
913 491 1048 528 celum
1083 491 1280 527 manibus
1312 502 1390 538 pro
1420 491 1670 528 Christianis
1703 503 1797 528 cum
1830 492 1949 528 lacri-

299 561 377 597 mis
409 561 567 597 orabat.
629 561 721 605 Quo
753 560 921 597 leuante
953 571 1103 596 manus
1135 560 1177 595 in
1210 560 1410 596 oracione
1441 560 1666 596 vincebant
1692 561 1820 606 Dani;
1852 572 1948 597 cum

297 640 397 666 vero
445 640 518 676 pre
565 629 814 665 lassitudine
858 629 1010 665 seniles
1050 639 1200 664 manus
1241 629 1488 672 demitteret,
1536 629 1642 665 Dani
1680 629 1950 666 cedebantur.

298 698 497 745 Episcopi
539 708 640 734 vero
683 701 722 734 et
753 698 995 734 sacerdotes
1027 708 1168 733 senem
1203 696 1443 733 fulciebant.
1507 698 1558 733 Et
1597 698 1656 733 sic
1693 709 1766 734 rex
1805 699 1950 734 trium—

297 767 433 813 phans
465 767 507 802 in
541 767 668 802 alium
702 767 839 802 virum
874 769 1058 802 mutatus
1090 769 1162 811 est,
1209 766 1266 801 ibi
1306 765 1464 802 faciens
1506 766 1631 802 fidem
1673 767 1828 803 Christi
1860 778 1951 814 pre-

298 836 428 871 dicari
460 819 540 887 <et>
573 835 770 871 ecclesias
803 835 1012 879 construi3
1047 834 1198 870 deinde
1231 845 1326 870 cum
1360 835 1683 871 mansuetudine
1716 839 1753 871 et
1784 836 1948 872 iusticia

297 907 431 940 terras
463 906 580 948 rexit,
611 904 722 950 leges
754 903 945 939 condidit
976 905 1015 938 et
1047 903 1216 939 beatum
1250 903 1470 939 Nicolaum
1504 904 1743 940 honorauit.

382 973 490 1009 Alibi
531 973 723 1017 habetur,
767 972 881 1018 quod
921 974 1112 1019 tempore
1152 972 1272 1008 istius
1310 971 1565 1008 Waldemari
1605 973 1792 1018 secundi,
1838 984 1949 1009 anno

297 1042 458 1078 domini
492 1039 690 1089 .1208.(1)‚
736 1052 832 1077 cum
867 1041 974 1076 Dani
1016 1040 1160 1076 fideles
1198 1040 1241 1076 in
1276 1041 1454 1077 Liuonia
1493 1041 1534 1076 in
1577 1041 1683 1086 loco,
1729 1042 1802 1088 qui
1836 1041 1948 1078 Felin

297 1110 461 1155 dicitur,
508 1110 714 1146 bellarent
755 1113 902 1146 contra
944 1110 1127 1145 Liuones
1174 1109 1365 1146 infideles
1412 1112 1452 1145 et
1496 1109 1578 1145 iam
1622 1110 1707 1146 sere
1753 1110 1950 1146 debellati

296 1178 574 1226 implorarent
596 1179 747 1215 deuote
766 1179 957 1215 diuinum
982 1178 1197 1222 auxilium,
1222 1179 1360 1214 statim
1388 1178 1585 1214 vexillum
1611 1190 1632 1215 e
1657 1179 1747 1215 celo
1771 1179 1950 1226 lapsum,

297 1258 422 1283 cruce
475 1248 655 1283 candida
708 1248 1002 1293 consignatum
1065 1247 1209 1283 velleri
1264 1247 1472 1293 impressa
1527 1231 1702 1299 <1·osso>,
1762 1249 1950 1295 recipere

297 1320 554 1361 meruerunt,
600 1327 746 1352 vocem
787 1327 952 1363 quoque
991 1316 1033 1351 in
1075 1326 1171 1352 aere
1203 1316 1433 1361 audientes,
1479 1317 1594 1363 quod
1633 1328 1681 1353 eo
1724 1317 1766 1352 in
1811 1327 1949 1352 aerem

298 1384 430 1420 alcius
477 1384 641 1421 eleuato
689 1385 910 1420 confestim
966 1384 1157 1420 contritis
1211 1384 1469 1420 aduersariis
1516 1385 1683 1431 plenam
1731 1385 1950 1421 victoriam

298 1456 582 1500 reportarent;
614 1454 726 1500 quod
761 1456 799 1489 et
830 1453 986 1489 factum
1020 1456 1091 1489 est.
1158 1452 1265 1489 Illud
1299 1456 1437 1489 autem
1471 1454 1668 1490 vexillum
1704 1454 1951 1500 Danebroge

299 1523 449 1558 vsitato
491 1522 699 1558 vocabulo
742 1521 979 1568 nuncupari
1020 1522 1137 1558 solet.
1198 1522 1303 1567 (Hec
1333 1522 1509 1558 victoria
1542 1526 1715 1570 putatur
1747 1534 1837 1559 esse
1868 1522 1951 1568 illa,

298 1601 424 1637 quam
474 1591 579 1626 Dani
626 1591 868 1627 habuerunt
913 1591 955 1626 in
995 1591 1181 1634 Estonia,
1227 1591 1278 1627 de
1317 1602 1399 1637 qua
1440 1592 1522 1627 iam
1561 1592 1752 1639 proxime
1792 1592 1949 1628 dictum

299 1662 378 1705 est;
425 1660 497 1695 sed
537 1662 723 1695 erratum
757 1660 798 1695 in
831 1671 942 1695 anno
976 1660 1136 1696 domini
1168 1660 1235 1696 &c
1275 1681 1316 1685 —
1357 1660 1458 1696 Item
1499 1660 1599 1697 alibi
1637 1661 1793 1704 inueni,
1835 1660 1950 1707 quod

298 1728 591 1764 Waldemarus
624 1739 695 1764 rex
728 1731 767 1765 et
797 1729 984 1764 Andreas
1017 1729 1365 1775 archiepiscopus
1405 1728 1595 1765 fecerunt
1634 1729 1949 1776 expedicionem

298 1802 338 1837 in
372 1797 590 1833 Estoniam
624 1798 788 1843 .1220.).

386 1890 420 1925 1.
464 1889 551 1925 suis
590 1889 741 1926 addidi.
819 1889 928 1926 2-3.
970 1892 1096 1936 tamq.
1139 1889 1243 1925 alter
1285 1889 1352 1925 Μ.;
1399 1889 1470 1935 cfr.
1503 1890 1628 1926 Exod,
1661 1890 1778 1936 XVII,
1815 1890 1838 1926 9
1867 1900 1948 1937 sqq.

301 1959 335 1994 6.
366 1961 381 1977 ⁰
413 1959 503 2004 (pro
535 1950 701 2003 {zsioe
731 1958 778 1995 Ο.
841 1959 875 1994 7.
907 1958 949 1993 in
982 1958 1031 1993 al.
1064 1958 1138 1994 vir.
1167 1961 1267 1994 mut.
1295 1961 1367 2002 est,
1399 1958 1469 2005 cfr.
1495 1958 1652 2005 Reyum
1682 1958 1745 1995 lib.
1769 1959 1798 2004 I,
1836 1960 1896 2005 10,
1915 1959 1948 1995 6.

300 2016 335 2051 8.
367 2018 406 2051 et
434 2015 584 2052 addidi.
650 2016 712 2052 14.
747 2015 890 2051 velleri
922 2015 1173 2062 (muldam)
1205 2016 1411 2062 impressa
1444 2027 1564 2052 rosso
1597 2016 1757 2062 scripsi3
1790 2016 1949 2052 velleri-

299 2083 381 2119 que
412 2073 665 2119 impressum
698 2072 734 2109 Ο
768 2073 908 2119 inepte.
987 2073 1049 2109 15.
1081 2083 1313 2119 vocemque
1346 2073 1394 2117 Ο,
1439 2074 1606 2110 cormaci.
1696 2074 1737 2109 in
1771 2085 1867 2110 aere
1899 2074 1946 2110 Ο.

302 2130 363 2166 17.
395 2130 677 2176 danaebrooga
708 2131 744 2167 Ο
777 2131 902 2166 altero
935 2130 1032 2176 loco,
1067 2130 1108 2166 in
1138 2129 1209 2175 fol.
1245 2129 1350 2167 137&

414 2465 475 2510 11.
547 2465 822 2512 TILLAEG
860 2466 970 2510 Tu„
1010 2466 1369 2513 FORTALEN
1411 2467 1507 2514 OG
1544 2467 1831 2512 TEXTEN.

385 2623 412 2659 Ι.
491 2623 551 2659 Til
593 2623 631 2659 S.
679 2623 757 2660 201
808 2623 897 2663 Lin.
948 2624 1007 2661 11.
1093 2626 1151 2661 En
1207 2625 1524 2672 gammeldansk
1570 2626 1861 2663 Oversaettelse
1907 2626 1951 2662 af

301 2690 593 2737 Compendizzm
628 2701 679 2738 og
713 2692 860 2729 Clu-on.
891 2693 973 2732 Jut.
1016 2694 1027 2729 i
1061 2694 1190 2730 Prosa
1223 2694 1357 2731 findes
1388 2695 1543 2741 ganske
1575 2695 1655 2731 vist
1684 2695 1790 2731 ikke.
1853 2695 1945 2731 Men

299 2759 489 2795 derimod
521 2771 567 2796 er
598 2761 666 2796 det
698 2761 806 2797 klart
838 2762 931 2806 nok,
965 2765 1006 2798 at
1031 2762 1111 2798 den
1135 2763 1270 2809 gamle
1294 2762 1460 2799 Danslce
1484 2763 1770 2801 Rimlcronilces
1788 2764 1947 2810 Konge-

300 2827 473 2863 historie
513 2839 582 2864 saa
623 2830 722 2875 godt
760 2841 850 2866 som
893 2830 978 2866 helt
1009 2831 1200 2877 igennem
1232 2831 1368 2879 (indtil
1400 2832 1623 2868 Valdemar
1652 2832 1863 2878 Atterdag)
1901 2843 1946 2868 er

300 2895 446 2941 byggct
472 2907 548 2942 paa
575 2897 624 2932 de
651 2901 814 2934 naevnte
841 2899 995 2945 Kilder,
1028 2911 1095 2935 om
1124 2900 1205 2936 end
1230 2900 1514 2947 lejlighedsvis
1543 2911 1667 2947 ogsaa
1697 2901 1825 2937 Saxos
1857 2903 1946 2947 eget

301 2963 417 2999 Vaerk
451 2974 502 3010 og
533 2965 719 3002 desuden
754 2967 884 3003 andre
918 2968 1060 3004 Kilder
1092 2979 1137 3005 er
1167 2969 1391 3015 benyttede
1422 2970 1499 3006 ved
1533 2970 1636 3006 dens
1667 2970 1888 3006 Affattelse.

386 3032 434 3068 ΙΙ.
484 3033 543 3069 Til
564 3033 600 3070 S.
627 3034 708 3070 202
731 3035 849 3071 Anm.
875 3036 910 3072 2.
961 3037 976 3072 Ι
1004 3037 1307 3083 Redegorelsen
1341 3037 1406 3074 for
1436 3038 1945 3074 Haandskristmaterialet

301 3100 344 3134 til
381 3100 526 3137 (λιι-οη.
557 3102 635 3139 Jut.
668 3101 681 3140 i
714 3104 793 3140 den
828 3105 1009 3142 Kritiske
1043 3106 1316 3143 Kommentar
1349 3106 1385 3143 S.
1418 3107 1498 3143 440
1531 3117 1576 3143 er
1607 3107 1675 3143 det
1707 3107 1945 3152 bemaerket,
