2150 3584
557 217 849 245 COMPENDIVM
884 218 1080 248 SAXONIS.
1130 220 1212 247 Lm.
1248 221 1292 247 ΙΙΙ
1664 211 1736 250 25]

104 329 205 370 ferri
253 343 306 370 ac
352 343 511 370 carnes
558 330 749 370 humani
797 331 1035 371 cadaueris
1083 333 1249 373 habere
1306 335 1515 378 σόοι-ουκ
1571 335 1741 374 addidit

103 402 260 453 eciam,
300 414 448 454 regem
484 402 650 443 habere
683 402 870 443 seruiles
902 404 1076 455 oculos,
1120 405 1318 457 reginam
1355 420 1458 446 vero
1494 407 1572 446 tria
1608 408 1743 447 ancil-

102 473 207 514 laris
242 474 355 514 ritus
387 474 537 515 officia
573 474 808 527 peregisse.
887 475 1283 528 Exprobrantibus
1325 479 1459 518 sociis
1492 479 1588 519 eius
1625 493 1742 520 vesa-

101 545 240 597 niam,
286 547 407 601 quod
457 547 685 587 laudanda
728 547 1016 600 vituperaret,
1061 549 1146 595 ille,
1188 549 1262 602 qui
1307 550 1485 598 latebat,
1534 565 1743 592 reuersus

101 618 190 671 regi
223 618 377 660 omnia
411 619 664 667 enarrauit;
711 619 788 673 qui
823 620 932 660 vltra
970 621 1157 661 modum
1194 623 1449 662 humanum
1485 637 1641 676 sapere
1676 626 1739 664 vel
1771 634 1788 660 5

99 691 304 745 desipere
350 691 564 732 iuuenem
612 691 846 732 iudicauit.
926 693 1262 747 Inuentumque
1306 698 1391 745 est,
1439 697 1561 748 quod
1613 696 1742 748 panis

101 763 244 804 factus
286 763 367 804 fuit
408 776 459 803 ex
498 767 657 816 segete,
697 777 784 817 que
826 769 1030 805 creuerat
1071 765 1114 805 in
1161 778 1325 819 campo
1359 768 1528 820 repleto
1561 769 1742 808 ossibus

99 839 400 887 mortuorum,
449 849 501 876 eo
548 837 671 889 quod
713 836 804 877 illic
843 840 1013 888 strages
1054 837 1158 877 belli
1196 842 1300 879 ante
1341 839 1485 880 fuerat
1527 841 1740 887 maxima,

97 911 138 948 et
170 909 293 962 quod
327 908 466 961 porci,
508 922 560 949 ex
593 909 761 962 quibus
794 909 973 949 lardum
1007 914 1123 961 erat,
1171 923 1338 964 corpus
1377 912 1511 952 vnius
1554 913 1740 954 latronis

96 981 407 1032 deum-assent,
454 985 493 1021 et
536 982 657 1034 quod
700 994 833 1036 aqua,
877 983 994 1022 vnde
1038 986 1171 1035 potus
1214 984 1360 1024 factus
1394 984 1494 1035 fuit,
1543 986 1739 1026 habebat

95 1052 141 1093 in
189 1053 331 1094 fundo
379 1053 602 1106 plurimos
655 1053 830 1105 gladios
877 1054 967 1094 iam
1016 1055 1106 1095 fere
1153 1055 1379 1109 ferrugine
1426 1062 1737 1111 consumptos.

98 1124 235 1177 lgitur
276 1138 366 1177 rex,
413 1126 786 1167 animaduertens
832 1140 934 1167 eum
984 1127 1040 1168 de
1086 1127 1183 1168 istis
1230 1129 1454 1170 subtiliter
1500 1130 1738 1181 iudicasse,

95 1210 200 1238 cum
232 1211 257 1238 a
305 1202 445 1239 matre
485 1211 563 1251 per
603 1199 753 1239 minas
791 1199 1065 1250 extorsisset,
1112 1201 1214 1253 quis
1261 1205 1388 1254 pater
1434 1216 1544 1243 suus
1593 1203 1737 1250 suerit,

94 1283 279 1311 seruum
313 1270 450 1311 fuisse
483 1271 709 1323 cognouit.
789 1272 1075 1313 Erubescens
1122 1277 1274 1314 autem
1316 1287 1392 1315 rex
1431 1276 1486 1316 de
1519 1289 1599 1316 sua
1634 1289 1737 1316 con-

93 1341 273 1394 dicione
319 1343 518 1396 quesiuit
557 1357 580 1383 a
621 1343 810 1395 iuuene,
857 1344 1050 1397 qualiter
1096 1345 1140 1385 in
1188 1346 1341 1398 regina
1389 1347 1505 1388 facta
1554 1348 1734 1389 seruilia

92 1414 364 1456 denotasset.
444 1417 579 1467 »Eo«,
626 1415 786 1470 inquit,
838 1418 984 1470 »quod
1033 1431 1158 1459 more
1205 1419 1368 1460 ancille
1415 1420 1553 1472 pallio
1601 1426 1737 1474 caput

92 1487 296 1539 obduxit,
332 1489 454 1542 quod
491 1492 658 1529 vestem
692 1489 748 1529 ad
782 1501 986 1541 gressum
1020 1490 1258 1542 succinxit,
1291 1496 1331 1532 et
1364 1493 1486 1545 quod
1520 1493 1736 1547 reliquias

91 1559 181 1600 cibi
212 1559 472 1601 inherentes
504 1561 718 1602 dentibus
751 1561 899 1615 stipite
932 1563 1046 1602 eruit
1079 1567 1122 1603 et
1152 1568 1303 1605 erutas
1333 1565 1579 1615 comedit«3
1612 1566 1736 1607 addi-

91 1632 261 1686 ditque,
307 1634 429 1687 quod
478 1637 622 1674 mater
668 1633 816 1686 regine
861 1647 940 1688 per
986 1635 1296 1689 captiuitatem
1341 1637 1387 1677 in
1430 1651 1611 1679 seruam
1658 1639 1735 1679 ali-

90 1705 276 1758 quando
308 1706 488 1746 redacta
522 1705 691 1747 fuisset.
769 1706 910 1748 Cuius
956 1707 1230 1749 industriam
1270 1723 1348 1750 rex
1386 1710 1516 1764 quasi
1560 1711 1733 1764 aliquid

89 1777 299 1818 diuinum
349 1782 588 1819 veneratus
635 1779 776 1829 filiam
825 1793 954 1820 suam
996 1780 1035 1821 ei
1082 1781 1294 1832 donauit3
1341 1795 1395 1822 ac
1440 1783 1589 1824 socios
1636 1784 1733 1824 eius

89 1850 295 1903 sequenti
342 1851 414 1891 die
462 1851 710 1904 suspendio
757 1852 1053 1905 consumpsit.
1131 1836 1245 1903 (Set)
1291 1855 1528 1896 Ambletus
1575 1861 1731 1897 contra

88 1933 237 1974 regem
270 1936 569 1978 conquerens,
615 1925 738 1977 quod
773 1924 922 1965 socios
955 1939 1063 1966 suos
1095 1926 1323 1979 occiderit,
1367 1940 1531 1968 aurum
1573 1942 1598 1969 a
1631 1941 1731 1981 rege

88 1995 444 2048 composicionis
487 1996 674 2037 nomine
714 1997 904 2051 recepit,
952 2001 994 2038 et
1036 2000 1332 2051 postmodum
1373 1999 1465 2052 igni
1505 2001 1729 2054 liquatum

91 2066 280 2108 latenter
311 2068 493 2109 duobus
525 2069 702 2109 baculis
733 2069 907 2110 cauatis
939 2070 1117 2111 infudit.

172 2140 269 2181 XII.
331 2141 462 2181 Anno
495 2141 585 2182 fere
617 2142 826 2182 reuoluto
858 2143 914 2182 de
946 2143 1134 2184 licencia
1168 2144 1284 2195 regis
1316 2145 1441 2185 solus
1468 2145 1513 2185 in
1533 2146 1729 2187 Daniam

89 2211 233 2264 rediit,
266 2212 408 2254 nichil
440 2226 595 2255 secum
628 2214 683 2254 de
716 2214 848 2266 regiis
881 2214 1047 2267 opibus
1080 2215 1254 2256 habens
1286 2220 1433 2269 preter
1455 2218 1572 2259 duos
1597 2219 1730 2259 bacu-

172 2383 282 2419 2-3.
303 2383 485 2430 reginam
506 2387 643 2420 autem
663 2396 696 2420 a.
716 2396 744 2421 r.
763 2385 899 2421 officia
918 2388 1010 2429 (om.
1031 2386 1124 2430 tria)
1143 2386 1181 2422 S.
1244 2387 1279 2423 3.
1297 2387 1437 2423 officio
1458 2388 1537 2423 DV.
1604 2390 1729 2425 sociis

85 2449 164 2476 om.
184 2440 223 2476 S.
284 2440 321 2476 ei
339 2441 415 2485 AS.
470 2442 502 2477 4.
522 2442 732 2478 latebatur
748 2443 793 2479 V.
850 2443 886 2478 5.
907 2443 1078 2479 modum
1099 2454 1177 2480 om.
1195 2444 1233 2480 S.
1281 2445 1315 2480 6.
1334 2445 1537 2480 indicauit
1555 2446 1676 2494 VS(A
1688 2446 1728 2494 7).

87 2496 121 2532 7.
153 2496 204 2533 de
235 2501 370 2544 segete
387 2498 463 2534 As.
526 2499 560 2534 8.
585 2499 685 2535 illuc
711 2502 831 2536 antea
857 2511 887 2536 s.
912 2501 948 2535 b.
975 2500 998 2536 f.
1028 2512 1078 2536 m.
1105 2502 1153 2542 Α;
1185 2501 1271 2537 illic
1301 2505 1395 2538 ante
1428 2514 1457 2537 S.
1483 2503 1519 2538 b.
1550 2503 1572 2538 f.
1601 2515 1652 2541 m,
1681 2504 1728 2548 ὃς

85 2556 126 2589 at
156 2555 322 2600 (au-tem,
364 2566 441 2602 pro
473 2558 540 2600 afi)
569 2555 696 2592 fuerit
728 2557 771 2592 V.
867 2558 924 2592 10.
959 2557 1070 2603 quod
1105 2569 1181 2594 om.
1213 2558 1288 2594 AS.
1379 2563 1503 2605 potus
1534 2571 1612 2596 om.
1647 2561 1729 2602 DV,

85 2610 155 2646 sed
185 2611 227 2647 in
259 2621 388 2659 mary.
421 2613 454 2648 D
486 2612 578 2651 add.
614 2624 723 2648 man.
757 2615 959 2650 recentior.
1022 2614 1155 2650 sactus
1188 2615 1263 2651 fuit
1295 2619 1420 2662 potus
1452 2617 1528 2652 As.
1593 2618 1653 2653 11.
1685 2619 1725 2654 in

85 2667 299 2714 profundo
331 2669 371 2706 S.
446 2670 506 2706 13.
539 2670 641 2706 Cum
674 2681 774 2706 vero
805 2671 882 2707 As.
958 2671 1078 2707 ninas
1112 2672 1193 2715 DV,
1225 2673 1294 2708 sed
1323 2683 1423 2709 corr.
1456 2672 1519 2709 V3.
1595 2679 1727 2711 extor-

84 2725 244 2771 quisset
261 2725 300 2762 S.
360 2727 496 2763 fuerat
510 2727 585 2763 As.
636 2728 696 2763 16.
716 2728 827 2774 palio
846 2728 884 2763 S.
936 2729 1100 2764 17—18.
1120 2740 1168 2765 ac
1185 2730 1297 2775 quod
1317 2730 1481 2766 relictas
1500 2733 1726 2777 particulas

83 2781 163 2818 sibi
195 2784 237 2827 (l,
268 2794 345 2820 om.
364 2785 411 2829 Α)
441 2784 637 2820 dentibus
663 2785 904 2821 inherentes
928 2785 1004 2821 As.
1070 2786 1128 2821 18.
1160 2787 1354 2823 dentibus
1380 2798 1458 2824 om.
1488 2789 1532 2828 D.
1565 2789 1725 2825 add.D1

15 2851 20 2855 ·
86 2838 128 2874 in
170 2849 298 2887 marg.
339 2843 431 2877 ante
461 2841 610 2888 stipite.
704 2842 868 2877 18-19.
908 2842 1068 2878 addidit
1108 2844 1221 2888 quod
1263 2844 1308 2879 D.
1402 2845 1460 2880 19.
1500 2846 1639 2891 regine
1678 2857 1727 2882 ea·

85 2894 243 2932 Saxone
273 2897 435 2943 scripsi;
481 2898 588 2944 regis
629 2899 742 2934 codd.
834 2899 1062 2945 aliquando
1101 2910 1178 2935 om.
1218 2901 1256 2936 S.
1350 2902 1412 2937 20.
1446 2902 1614 2938 reducta
1650 2904 1726 2939 As.

85 2951 162 2988 fuit
193 2954 245 2997 D;
276 2954 378 2999 e’t(‘?)
407 2954 553 2991 fuisset
577 2956 615 2991 S.
678 2956 742 2992 21.
778 2959 999 2992 veneratus
1031 2959 1091 2992 est
1123 2960 1162 2992 et
1194 2957 1216 2993 f.
1245 2958 1320 2994 AS.
1385 2959 1447 2993 22.
1480 2959 1548 2994 Set
1576 2959 1725 2996 addidi.

86 3009 150 3046 23.
184 3021 284 3046 suos
315 3022 393 3047 om.
426 3012 463 3048 S.
539 3013 749 3048 occiderat
783 3013 822 3048 S.
897 3024 917 3047 a
952 3024 994 3048 re
1027 3014 1070 3048 Α.
1153 3015 1217 3052 24.
1252 3015 1333 3061 igni
1366 3015 1433 3061 liq.
1467 3020 1615 3061 postni.
1650 3017 1725 3054 As.

86 3066 148 3102 25.
180 3067 222 3103 in
255 3068 421 3105 duobus
452 3070 528 3106 AS.
592 3071 655 3106 26.
689 3073 807 3106 Anno
839 3081 938 3106 vero
973 3070 1056 3106 fere
1090 3081 1118 3106 r.
1152 3071 1192 3109 S.
1256 3073 1318 3108 27.
1353 3073 1459 3108 redit
1490 3074 1532 3109 Α.

1770 996 1808 1026 10

1767 1358 1804 1387 15

1761 1722 1802 1752 20

1757 2083 1799 2114 25
