2150 3584
74 1378 114 1409 10

74 1741 114 1772 15

73 2103 115 2135 20

75 2465 116 2496 25

13 2826 117 2857 ·30

274 222 493 252 SVENONIS
524 222 716 252 AGGONIS
751 222 853 251 FILII
887 223 1046 252 BREVIS
1079 223 1291 253 HISTORIA
1326 224 1474 254 REGVM
1509 225 1640 254 DAClE
1704 215 1782 255 109

942 335 981 396 S

141 443 409 498 procreauit,
456 457 593 498 quem
635 444 914 485 Frothonem
964 443 1111 484 uoluit
1157 457 1435 498 nuncupare.
1499 446 1587 496 Qui
1636 446 1779 486 filium

139 516 305 570 genuit,
352 529 488 571 quem
531 517 784 557 Haraldum
827 516 1088 569 appellauit.
1154 516 1272 557 Huic
1318 518 1535 558 successit
1573 519 1694 559 filius
1741 523 1783 559 et

139 589 264 642 regni
310 589 440 630 heres
487 589 625 630 Gorm
674 589 863 641 Loghae,
918 588 988 628 uir
1034 589 1163 628 deses
1214 593 1484 643 tantumque
1531 591 1696 631 delitiis
1742 596 1783 631 et

140 661 337 714 crapulis
368 660 622 713 indulgens.
672 661 752 702 Cui
789 674 902 701 uxor
933 660 1123 700 illustris
1155 660 1231 700 illa
1264 662 1407 702 extitit
1437 662 1604 714 regina,
1631 664 1781 716 Thyre

140 733 362 786 uidelicet,
410 746 497 787 que
527 734 682 786 ‘Regni
716 734 876 774 Decus'
919 737 984 773 est
1016 732 1351 784 cognominata.
1416 734 1556 775 Cuius
1589 736 1782 787 gloriose

139 805 288 847 laudis
325 805 496 846 famam
536 806 722 847 reticere
761 819 853 846 non
895 806 1039 846 ualeo.
1103 805 1257 846 Solent
1289 806 1409 846 enim
1444 806 1627 847 illorum
1661 811 1780 859 gesta

138 878 374 931 recenseri,
407 878 485 931 qui
518 878 831 931 prestantioris
863 881 970 919 sunt
999 877 1132 918 fame.

859 1120 984 1161 CAP.
1018 1120 1068 1161 V.

236 1191 376 1279 Hec,
423 1239 561 1280 quam
605 1226 901 1280 prediximus,
943 1227 1098 1280 Thyra
1138 1226 1304 1267 mulier
1342 1227 1427 1267 fuit
1459 1228 1586 1268 omni
1618 1228 1783 1269 uirtute

140 1299 401 1352 conspicua,
425 1303 581 1352 utpote
608 1312 748 1353 quam
774 1299 914 1339 uariis
940 1299 1083 1339 animi
1105 1299 1400 1353 corporisque
1419 1300 1603 1341 dotibus
1622 1305 1783 1342 natura

140 1368 274 1412 beare
306 1371 490 1412 studuit.
561 1372 678 1412 Nam
711 1376 752 1412 et
788 1372 970 1412 uultum
1003 1372 1140 1412 decor
1173 1372 1367 1412 eximius
1409 1373 1696 1425 uenustabat,
1744 1379 1785 1414 et

140 1457 241 1485 rosa
282 1443 377 1485 lilio
419 1443 630 1484 maritata
671 1457 956 1497 purpureum
989 1444 1115 1497 genis
1147 1445 1346 1485 colorem
1380 1444 1650 1498 inpinxerat.
1713 1447 1783 1486 In-

140 1529 275 1570 super
315 1520 452 1568 casta,
500 1516 680 1569 pudica,
727 1516 870 1557 faceta
913 1517 1132 1570 omnique
1171 1517 1429 1558 urbanitate
1469 1517 1630 1558 referta
1678 1523 1782 1559 erat.

141 1588 345 1629 Preterea
384 1592 510 1629 tanto
548 1589 789 1642 prudentie
835 1589 1009 1641 fulgore
1050 1589 1209 1630 diuina
1249 1590 1392 1642 gratia
1439 1594 1639 1631 mentem
1687 1591 1783 1631 eius

139 1660 458 1714 illustrauerat,
506 1665 555 1702 ut
586 1661 789 1702 Nestoris
822 1662 1128 1715 prudentiam,
1177 1662 1352 1716 Ulyssis
1385 1663 1614 1714 astutiam,
1663 1663 1785 1704 Salo-

141 1733 291 1774 monis
333 1733 605 1787 sapientiam
651 1747 743 1774 uno
775 1734 898 1774 fonte
931 1734 1139 1775 hausisse
1171 1735 1440 1776 crederetur.
1507 1735 1562 1775 Et
1594 1735 1630 1776 si
1662 1736 1785 1777 fonte

139 1805 427 1860 baptismatis
465 1806 621 1847 abluta
662 1806 834 1857 fuisset,
880 1820 986 1848 uere
1025 1807 1180 1860 regina
1212 1808 1344 1859 Saba,
1391 1821 1478 1862 que
1511 1808 1784 1861 sapientiam

141 1878 400 1919 Salomonis
431 1879 589 1919 rimari
621 1884 821 1929 uenerat,
863 1880 1118 1920 dummodo
1151 1880 1311 1920 fuisset
1342 1881 1611 1932 orthodoxa,
1650 1881 1786 1921 habe-

139 1954 274 1991 retur.

226 2023 320 2064 Illis
358 2024 643 2077 temporibus
677 2024 783 2066 Otto
824 2025 1073 2078 imperator
1106 2025 1296 2065 Daciam
1331 2025 1416 2065 sibi
1449 2026 1616 2066 fecerat
1645 2026 1785 2066 tribu-

139 2096 303 2136 tariam
335 2100 520 2150 propter
551 2097 680 2149 regis,
713 2101 763 2137 ut
788 2097 997 2149 arbitror,
1030 2097 1268 2149 desidiam,
1303 2111 1439 2151 quem
1466 2111 1603 2151 supra
1629 2099 1785 2139 memi-

140 2167 293 2209 nimus
325 2168 426 2221 gule
457 2173 636 2210 tantum
670 2173 712 2210 et
742 2169 908 2209 delitiis
939 2169 1173 2209 inseruire.
1237 2170 1457 2221 Quinimo
1494 2184 1545 2211 eo
1579 2171 1786 2224 peruenit

140 2239 393 2290 insolentie,
438 2245 487 2281 ut
517 2241 705 2282 infamie
737 2241 985 2282 discrimen
1016 2242 1096 2282 toti
1129 2253 1266 2294 regno
1300 2247 1542 2284 conaretur
1573 2243 1784 2295 irrogare.

141 2313 322 2366 Quippe
368 2326 506 2367 supra
553 2318 802 2354 memorate
847 2314 1000 2366 regine
1047 2314 1314 2367 pudicitiam
1369 2315 1463 2355 suis
1512 2315 1785 2368 pertentauit

140 2384 363 2426 illecebris
409 2385 593 2426 irretire.
667 2386 794 2427 Missi
842 2390 947 2426 sunt
991 2386 1144 2440 itaque
1191 2387 1337 2439 legati,
1383 2388 1461 2441 qui
1509 2388 1593 2428 sub
1636 2388 1784 2440 specie

141 2470 329 2498 censum
362 2457 604 2510 colligendi
635 2458 682 2498 in
715 2458 925 2499 conclaui
956 2458 1160 2510 reginam
1192 2459 1492 2500 conuenirent
1526 2460 1785 2514 pariterque

142 2530 310 2570 salutes
349 2530 599 2583 perferrent
634 2530 923 2583 imperatoris
963 2534 1004 2570 et
1042 2531 1179 2571 simul
1221 2532 1317 2572 eius
1350 2532 1540 2572 donaria
1573 2532 1784 2587 regiaque

141 2614 333 2643 munera
371 2602 594 2643 offerrent.
656 2603 724 2643 Ad
765 2603 851 2643 hec
887 2603 1000 2644 iussi
1041 2607 1146 2643 sunt
1185 2603 1320 2644 etiam
1352 2604 1504 2657 regine
1536 2616 1784 2657 suggerere,

142 2678 313 2727 quanto
342 2674 483 2715 satius
510 2678 626 2715 esset
653 2687 752 2715 eam
781 2688 873 2716 non
907 2676 1058 2716 solum
1090 2675 1149 2716 ob
1182 2675 1397 2716 eximiam
1430 2680 1472 2717 et
1503 2677 1782 2718 luculentam

142 2745 286 2787 forme
325 2746 522 2800 speciem
563 2747 641 2787 sed
682 2750 724 2787 et
766 2747 1044 2799 singularem
1077 2748 1220 2788 animi
1252 2749 1540 2802 prudentiam
1576 2749 1784 2789 Romano

142 2830 320 2871 preesse
351 2818 544 2871 imperio
577 2822 618 2859 et
648 2818 984 2872 imperatricem
1019 2819 1208 2861 existere
1233 2833 1372 2874 quam
1399 2821 1472 2861 uel
1497 2820 1783 2860 tributariam

143 2922 213 2969 cfr.
246 2923 339 2970 Rey.
370 2923 438 2969 ΙΙΙ,
474 2924 536 2969 10,
557 2924 589 2960 1.
670 2925 728 2961 18.
762 2925 943 2961 domina.
1021 2926 1082 2961 20.
1115 2926 1293 2962 scelicet.
1372 2927 1435 2962 22.
1467 2926 1782 2972 supramenium

141 2977 235 3028 (pro
294 2992 422 3028 supra
484 2979 694 3029 me‘inim9).
820 2981 882 3018 23.
943 2981 1208 3018 insolentiam
1277 2982 1375 3031 (pro
1435 2983 1631 3019 insolenti
1693 2980 1784 3030 aio).

146 3047 310 3085 29-30.
342 3048 604 3095 imparticem
636 3047 731 3098 (pro
762 3036 1002 3098 impaieem).

227 3151 289 3186 Ad
314 3151 352 3187 S.
404 3153 434 3188 1.
462 3153 631 3197 Frotho,
663 3152 735 3197 cfr.
762 3152 869 3188 Saxo
882 3164 922 3198 p.
942 3153 1029 3199 467,
1050 3154 1084 3195 8,
1117 3152 1509 3202 (Clac-)Haraldum,
1538 3153 1614 3190 ibd.
1637 3165 1676 3199 p.
1695 3153 1784 3189 468.
