2150 3584
411 214 486 252 186
746 222 1018 250 SCRIPTORES
1053 220 1277 249 HlSTOfflAE
1310 219 1484 248 DANICAE
1515 219 1713 247 MINORES

1175 740 1270 780 VII.

662 848 936 893 INCERTI
983 847 1318 893 AUCTORIS
1358 846 1800 893 GENEALOGIA

982 930 1221 976 REGUM
1262 930 1486 976 DANIE.

503 1078 521 1096 Γ

524 1078 712 1154 Εηῃθῒεί
756 1113 1008 1165 priscorum
1053 1124 1206 1165 regum
1248 1112 1601 1166 principumque
1641 1117 1776 1165 gesta,
1824 1113 1925 1154 licet
1955 1127 2050 1167 per-

411 1190 544 1238 petua
570 1185 706 1237 digna
731 1185 821 1225 sint
844 1185 1078 1237 memoria,
1106 1185 1236 1225 facile
1264 1184 1513 1225 obliuionis
1530 1184 1722 1237 caligine
1739 1184 2050 1237 inuoluantur,

411 1272 463 1298 eo
495 1258 617 1311 quod
646 1261 761 1297 certe
785 1271 943 1298 eorum
970 1257 1204 1298 traditioni
1230 1270 1365 1298 nemo
1394 1257 1559 1297 seriam
1584 1257 1856 1310 impenderit
1881 1271 2053 1309 curam,

411 1335 631 1377 attamen„
678 1343 733 1369 ne
779 1331 834 1369 de
881 1334 1028 1370 cetero
1075 1333 1195 1370 certa
1240 1340 1397 1381 regum
1446 1340 1781 1384 regnorumque
1828 1330 2053 1371 successio

366 1416 384 1444 3
412 1402 634 1443 obliuioni
688 1402 849 1442 tradita
910 1402 1044 1455 plane
1090 1403 1321 1455 depereat,
1375 1401 1659 1454 singulorum
1709 1402 1853 1443 Danie
1898 1413 2053 1454 regum

413 1474 598 1514 nomina
634 1478 674 1514 et
707 1474 1018 1515 successiones
1051 1474 1249 1514 breuiter
1278 1478 1456 1514 tantum
1491 1487 1702 1515 enarrare
1734 1474 1939 1515 studebo.

697 1619 937 1660 NOMINA
970 1619 1046 1659 ET
1080 1618 1518 1660 SUCCESSIONES
1552 1619 1775 1661 REGUM.

500 1706 639 1746 Primi
674 1707 911 1747 Danorum
944 1706 1173 1760 principes
1208 1707 1449 1747 extiterunt
1482 1707 1598 1747 Dan
1632 1710 1674 1748 et
1704 1708 1895 1759 Angul.
1950 1708 2056 1748 Post

414 1792 527 1831 quos
560 1779 866 1831 principatum
900 1779 1044 1819 tenuit
1077 1779 1302 1830 Lethen
1350 1778 1472 1819 filius
1506 1779 1619 1819 Dan.
1683 1779 1802 1819 Huic
1842 1779 2057 1820 successit

349 1863 386 1892 ιω
415 1851 637 1897 Skiold„
671 1851 792 1891 filius
825 1851 933 1891 eius.
996 1851 1050 1891 Hi
1086 1864 1245 1891 omnes
1278 1851 1585 1904 principatum
1617 1851 1834 1892 tenebant
1863 1855 2054 1892 tantum.

502 1923 672 1963 Deinde
707 1923 851 1975 patrio
885 1923 930 1963 in
956 1935 1093 1975 regno
1120 1923 1337 1964 successit
1366 1923 1601 1976 Hading,
1633 1923 1710 1978 qui
1735 1924 1913 1977 primus
1935 1924 2057 1977 regio

414 2000 590 2047 sceptro
637 1995 866 2048 regalique
913 1997 1155 2036 decoratus
1200 1996 1457 2036 diademate
1496 2009 1573 2036 rex
1618 1996 1782 2037 meruit
1823 1996 2055 2049 appellari.

415 2068 516 2117 Quo
542 2068 756 2107 defuncto
782 2068 998 2108 successit
1027 2068 1148 2108 filius
1175 2068 1271 2108 eius
1292 2069 1516 2109 Frotho.
1562 2068 1681 2109 Huic
1703 2068 1921 2109 successit
1940 2069 2058 2109 Hal-

414 2140 603 2179 danus.
696 2140 780 2180 Hic
834 2141 950 2181 duos
1005 2140 1158 2192 genuit
1211 2140 1354 2186 filios„
1418 2141 1618 2193 Helghi
1664 2152 1815 2194 regem
1863 2145 1903 2180 et
1951 2141 2057 2181 Roe

349 2225 386 2253 15
415 2212 589 2251 ducem.
642 2213 731 2252 Rex
764 2225 869 2252 vero
904 2213 1065 2264 Helghi
1098 2212 1327 2264 geminam
1363 2213 1601 2253 suscitauit
1632 2214 1820 2266 prolem,
1852 2212 2058 2254 videlicet

420 2283 545 2323 Rois
576 2284 739 2323 Kraki
773 2289 811 2324 et
838 2285 1015 2336 Vrsam,
1049 2298 1251 2325 sororem
1286 2285 1393 2324 eius.
1445 2287 1547 2325 Post
1575 2285 1681 2326 Rolf
1712 2285 2055 2325 Hiartuarus.

419 2356 521 2395 Post
555 2357 677 2395 hunc
709 2368 896 2408 regnum
932 2357 1129 2397 obtinuit
1166 2357 1398 2403 Hother,
1444 2357 1564 2397 filius
1599 2357 1874 2398 Horthbrod
1940 2356 2058 2397 Huic

416 2427 629 2467 successit
680 2428 799 2468 lilius
847 2430 942 2469 eius
994 2429 1175 2469 Rorik.
1241 2430 1345 2470 Post
1388 2430 1512 2470 hunc
1551 2429 1757 2481 regnauit
1796 2429 1919 2469 filius
1961 2429 2058 2469 eius

417 2499 651 2538 Wiklek.
721 2501 836 2540 Huic
877 2502 1093 2541 successit
1138 2501 1257 2541 filius
1296 2514 1407 2542 suus
1448 2506 1488 2542 et
1526 2503 1656 2542 heres
1698 2501 1821 2554 regni
1856 2501 2058 2554 egregius

348 2587 388 2615 20
417 2571 505 2609 We
521 2584 591 2610 rm
608 2585 632 2610 u
652 2573 757 2611 ndu
775 2587 814 2619 s,
862 2574 935 2625 qui
980 2574 1036 2613 oh
1078 2573 1292 2614 eximiam
1323 2574 1500 2614 virtutis
1528 2573 1817 2626 prudentiam
1853 2574 2058 2614 Prudens

418 2647 480 2681 est
515 2644 876 2693 cognominatus.

504 2771 530 2805 S
558 2786 595 2801 :-
622 2772 834 2817 Stephanii
877 2774 1002 2808 editio
1050 2775 1179 2817 (Sorae
1225 2774 1358 2818 1642)7
1405 2785 1493 2820 ‹111oe
1539 2784 1648 2809 nunc
1695 2785 1772 2819 pro
1814 2773 1946 2809 codice
1990 2775 2056 2817 est,

419 2828 504 2871 ipso
550 2829 691 2868 codice,
741 2840 818 2874 quo
867 2841 960 2865 usus
1007 2833 1101 2871 erat,
1149 2842 1262 2866 anno
1304 2830 1407 2866 1728
1446 2830 1673 2875 combusto;
1720 2830 2056 2877 01·th09raphiam

420 2887 551 2919 lamen
588 2888 767 2925 veterem,
801 2886 1060 2932 ‹uslephanio
1088 2890 1299 2929 mutulam,
1334 2888 1485 2923 reduxi.
1537 2887 1592 2923 De
1617 2887 1791 2934 vesti9i1's
1810 2886 2059 2933 Genealoyioe

419 2940 615 2976 &menonis
656 2942 835 2987 Aqymu's
874 2944 959 2987 lilii,
1008 2956 1096 2989 quw
1135 2945 1368 2980 etiamnunc
1414 2945 1454 2979 in
1501 2944 1576 2980 hoc
1618 2945 1811 2990 opusculo
1848 2945 2057 2990 apparent,

421 2998 485 3031 vid
529 2998 627 3032 liber
659 3010 768 3034 meus
804 3001 882 3034 »En
920 3011 971 3044 ny
1003 3001 1100 3036 Text
1135 3001 1178 3036 af
1208 3001 1312 3037 Sven
1349 3002 1555 3047 Aggesons
1582 3002 1771 3037 Vaerker«
1807 3011 1846 3046 p.
1884 3000 1962 3036 112
1977 3010 2058 3046 sqq.

513 3067 568 3100 11⁴
608 3067 741 3110 patrio
775 3068 814 3106 8,
847 3069 914 3103 secl
948 3069 1051 3113 patri
1086 3068 1230 3106 scriba.
1266 3069 1341 3105 vid.
