2150 3584
331 1035 368 1065 10

328 1396 368 1425 15

328 1759 369 1789 20

328 2122 368 2151 25

328 2481 370 2511 :30

329 2841 369 2870 :35

402 253 479 292 188
737 262 1010 290 sciuPTORES
1043 262 1268 290 HISTORIAE
1302 262 1477 290 DANlcAE
1509 262 1706 290 MINORES

397 389 591 429 quorum
625 376 765 423 alteri,
812 375 856 414 id
890 379 955 414 est
989 375 1203 415 Kanuto
1238 375 1406 426 Duro,
1455 375 1637 416 Datiam
1679 377 2033 417 commendauit.

398 448 571 488 Deinde
615 447 832 489 successit
872 448 1104 499 Magnus
1143 448 1354 499 Bonus,
1401 447 1524 488 filius
1571 447 1690 488 beati
1738 447 1874 489 Olaui
1919 449 2036 501 regis

396 525 436 560 et
482 520 715 573 martyris3
776 519 853 573 qui
901 519 1023 572 apud
1071 519 1310 572 Lyurskog
1357 533 1493 573 super
1540 519 1702 560 Slauos
1748 524 1789 560 et
1835 520 2037 562 Saxones

396 592 707 645 triumphauit.

482 664 601 704 Huic
632 665 847 704 successit
880 664 1079 716 Sueno,
1114 677 1256 717 nepos
1288 664 1478 716 insignis
1513 665 1693 705 Kanuti.
1760 666 1869 706 Post
1899 678 2035 719 quem

394 736 595 791 quinque
628 737 706 776 filii
736 747 860 788 reges
884 736 1142 777 successiue
1167 747 1357 789 regnum
1383 737 1699 778 obtinuerunt:
1736 737 2036 790 Haraldus,

393 809 471 863 qui
503 810 621 861 leges
655 809 797 849 Danis
829 808 1005 859 tribuit3
1055 809 1337 861 Kanutus,
1384 810 1508 862 apud
1541 809 1780 850 Othiniam
1819 810 2036 863 martyrio

394 885 660 926 coronatus:
731 881 944 922 Olauus
1006 881 1348 931 Famelicus3
1422 881 1616 922 Ericus
1686 882 1890 934 Bonus,
1959 882 2037 937 qui

392 954 729 1006 Jerosolyman]
763 953 992 1006 profectus
1025 953 1069 993 in
1099 954 1248 1007 Cypro
1282 954 1431 994 insula
1464 953 1726 1007 requiescitj,
1768 954 2037 995 Nicolaus

397 1025 468 1066 his
500 1026 737 1079 proximus
770 1026 922 1067 extitit.

480 1098 599 1138 Huic
630 1099 848 1139 successit
880 1098 1096 1150 Ericus,
1135 1099 1257 1139 filius
1292 1099 1412 1139 Erici
1446 1099 1572 1140 Boni.
1635 1099 1735 1140 Hoc
1764 1099 1812 1140 in
1845 1100 2037 1141 Vrnensi

394 1170 559 1223 placito
592 1183 616 1210 a
650 1172 759 1223 Plog
786 1171 922 1223 Nigro
955 1171 1190 1212 interfecto
1222 1171 1340 1212 alius
1373 1171 1570 1212 Ericus
1601 1182 1793 1224 regnum
1825 1173 2036 1225 suscepit,

393 1243 470 1295 qui
518 1243 702 1295 Agnus
750 1244 1101 1296 cognominatus
1148 1248 1225 1285 est.
1319 1244 1437 1284 Huic
1491 1244 1709 1285 successit
1760 1245 2035 1294 Kanutus,

396 1315 545 1367 Magni
578 1315 711 1356 filius.
761 1317 891 1356 Tunc
922 1320 1012 1357 tres
1044 1327 1169 1368 reges
1197 1317 1243 1357 in
1271 1316 1402 1357 Datia
1435 1316 1793 1369 conregnabant:
1830 1317 2037 1357 Kanutus

397 1387 705 1440 supradictum
775 1390 976 1440 Sueno,
1039 1388 1158 1429 Erici
1219 1401 1243 1429 a
1299 1389 1442 1441 Plogh
1503 1388 1723 1430 interfecti
1785 1389 1928 1439 filius3
1997 1392 2039 1428 et

397 1460 805 1512 Waldemarus,
854 1461 995 1501 sancti
1043 1462 1209 1501 Kanuti
1252 1461 1611 1514 Ringstadiensis
1657 1461 1792 1502 filius.
1859 1462 2037 1502 Kanuto

396 1536 546 1572 autem
580 1545 605 1572 a
638 1533 849 1583 Suenone
881 1545 981 1586 rege
1014 1534 1244 1574 Roskildis
1276 1533 1525 1586 interfecto,
1559 1538 1602 1574 et
1633 1535 1793 1575 eodem
1827 1535 2037 1575 Suenone

397 1604 441 1643 in
496 1605 612 1645 bello
661 1606 829 1646 Gratha
876 1606 1047 1658 occiso,
1108 1606 1337 1659 predictus
1383 1607 1770 1647 Waldemarus
1819 1606 2038 1646 Primus

397 1677 714 1719 monarchiam
750 1679 878 1719 Datie
918 1679 1189 1732 potestatiue
1228 1679 1274 1719 in
1318 1690 1481 1731 magna
1520 1691 1631 1732 pace
1663 1679 1871 1720 obtinuit.
1934 1679 2037 1729 Quo

396 1749 610 1791 defuncto
642 1751 765 1791 filius
798 1764 908 1792 suus
940 1752 1087 1792 eidem
1121 1751 1351 1803 successit,
1386 1752 1497 1792 Kan
1510 1756 1602 1791 utu
1618 1765 1649 1792 s.

484 1823 601 1863 Huic
633 1824 849 1864 successit
883 1824 1018 1864 frater
1050 1824 1147 1865 eius
1177 1824 1568 1865 Waldemarus
1601 1824 1903 1865 Secundus.
1953 1824 2039 1864 Hic

396 1898 592 1947 quatuor
637 1896 797 1936 habuit
844 1896 963 1937 filios
1010 1896 1254 1949 legitimos,
1312 1896 1506 1937 diuersis
1551 1900 1703 1936 tamen
1751 1896 2036 1949 coniugibus.

398 1967 514 2007 Nam
547 1981 572 2007 a
605 1969 749 2021 prima
786 1982 935 2020 vxore,
983 1969 1075 2009 filia
1116 1969 1325 2010 videlicet
1356 1969 1471 2021 regis
1507 1969 1739 2020 Bohemie,
1787 1969 2038 2021 Margareta

397 2039 596 2091 nomine,
628 2041 770 2081 nobili
805 2042 972 2094 regina,
1005 2041 1151 2082 filium
1187 2041 1273 2082 sibi
1305 2041 1580 2095 equiuocum
1616 2041 1783 2093 genuit,
1822 2053 1960 2095 quem
1991 2041 2038 2081 in

396 2122 544 2163 regem
589 2113 781 2154 electum
824 2114 927 2155 fecit
966 2114 1051 2154 sibi
1084 2125 1374 2166 conregnare.
1438 2113 1527 2163 Qui
1561 2126 1706 2166 paruo
1737 2112 1900 2154 viuens
1930 2117 2039 2154 tem·

397 2196 504 2235 pore
537 2197 561 2224 a
595 2187 747 2227 seculo
780 2186 918 2227 nimis
947 2191 1124 2227 mature
1149 2186 1408 2227 subtractus
1433 2190 1510 2227 est.
1560 2187 1667 2227 Post
1691 2186 1821 2226 cuius
1846 2189 2036 2227 matrem

396 2256 656 2297 defunctam
699 2258 837 2299 aliam
877 2259 1005 2300 duxit
1044 2272 1246 2310 vxorem,
1295 2258 1480 2298 nomine
1514 2258 1849 2311 Berengariam,
1895 2258 2038 2299 filiam

397 2328 511 2379 regis
559 2330 844 2382 Portugallie,
894 2332 950 2372 de
996 2344 1084 2384 qua
1131 2335 1221 2371 tres
1266 2331 1422 2383 genuit
1467 2331 1586 2372 filios
1632 2331 1703 2371 his
1751 2330 2037 2372 nominibus:

397 2400 573 2452 primus
612 2403 876 2443 nominatus
909 2403 1084 2455 Ericus,
1123 2403 1302 2444 medius
1334 2403 1460 2456 Abel,
1504 2403 1690 2444 Vltimus
1724 2403 2037 2444 Christoferus.

397 2471 604 2525 Cumque
645 2478 853 2515 mortuus
896 2480 1010 2516 esset
1050 2475 1380 2528 primogenitus
1419 2475 1541 2516 filius
1574 2488 1685 2516 suus
1716 2475 2040 2516 Waldemarus

397 2544 597 2592 Tertius,
645 2559 779 2600 quem
829 2548 913 2587 sibi
961 2548 1084 2600 regni
1134 2552 1391 2589 consortem
1440 2561 1536 2589 esse
1585 2547 1747 2595 voluit,
1796 2560 1848 2588 ex
1894 2546 2039 2587 tribus

398 2616 581 2670 reliquis
616 2618 814 2671 Ericum,
861 2620 1141 2673 reliquorum
1176 2621 1366 2661 fratrum
1400 2620 1615 2674 primum,
1666 2619 1876 2660 omnium
1912 2619 2039 2659 Datie

398 2688 654 2742 principum
690 2703 914 2731 consensu
949 2706 1102 2733 secum
1137 2696 1431 2745 regnaturum
1465 2692 1510 2732 in
1536 2692 1661 2744 regni
1689 2691 1803 2733 solio
1830 2691 2040 2745 sollemp-

398 2760 511 2800 niter
543 2762 797 2802 collocauit.
861 2765 1156 2805 Waldemaro
1188 2764 1323 2816 igitur
1356 2764 1542 2805 feliciter
1574 2763 1874 2817 quadraginta
1907 2763 2040 2804 annis

397 2838 625 2884 regnante,
657 2835 841 2874 tandem
875 2849 1011 2876 senex
1044 2840 1084 2876 et
1117 2837 1280 2889 plenus
1311 2836 1488 2876 dierum
1523 2836 1646 2889 regni
1670 2836 1807 2876 rebus
1831 2836 2040 2876 decenter

396 2905 627 2957 dispositis
660 2905 819 2946 obiens
852 2907 896 2946 in
925 2921 1034 2960 pace
1058 2908 1296 2961 appositus
1322 2912 1386 2948 est
1412 2909 1467 2948 ad
1495 2912 1645 2962 patres
1671 2921 1793 2961 suos,
1825 2908 2038 2949 heredem

486 3000 545 3034 16.
581 2999 893 3044 mag-stadensis
926 3001 964 3036 S.
1027 3002 1091 3037 29.
1126 3002 1415 3038 Christoforus
1448 3003 1485 3039 S.
1554 3002 1720 3038 35-36.
1756 3002 1848 3038 Gen.
1884 3001 1945 3046 35,
1964 3001 2040 3047 29,-

400 3056 573 3100 l’aralip.
608 3056 635 3101 J,
669 3056 734 3101 23,
757 3057 801 3092 1.·
848 3068 971 3093 senex
1017 3061 1055 3094 et
1089 3058 1236 3104 plenus
1268 3060 1456 3103 dierum3
1500 3058 1681 3095 Machab.
1715 3059 1743 3103 I,
1778 3058 1813 3104 2,
1834 3058 1910 3104 69,·
1955 3057 2036 3094 Act.

399 3114 470 3157 ΑΙ).
510 3112 660 3156 13,3()”.·
694 3114 911 3158 appositus
945 3118 1005 3150 est
1038 3116 1086 3149 ad
1123 3119 1264 3161 patros
1297 3127 1408 3151 suos.
