2150 3584
534 212 828 241 COMPENDWM
863 211 1060 241 SAxoms.
1110 212 1192 240 mn.
1227 212 1285 239 vii
1650 200 1724 238 301

86 329 219 381 Quod
241 328 480 368 Haldanus
511 325 704 367 audiens
731 325 896 366 victam
917 325 1137 366 Sweciam
1172 325 1352 379 reliquit
1384 337 1437 365 ac
1470 325 1512 364 in
1537 324 1729 364 Daniam

86 400 337 449 festinauit3
385 399 540 452 sicque
588 397 749 438 Ericus
797 397 841 437 in
886 397 1109 438 Sweciam
1156 401 1220 438 est
1268 410 1489 437 reuersus.
1565 397 1729 437 lterum

88 473 324 514 Haldanus
348 471 393 512 in
414 471 635 512 Sweciam
665 470 924 522 regrediens
950 469 1200 510 occultauit
1226 470 1416 509 classem
1452 469 1494 509 in
1530 469 1730 522 quodam

86 545 202 598 sinu,
235 544 417 585 duabus
449 547 601 583 autem
635 528 873 596 (nauibus)
906 542 1092 583 obuiam
1116 542 1249 582 Erico
1277 542 1418 591 venit3
1452 555 1586 595 quem
1622 541 1730 580 dum

87 617 246 659 Ericus
279 629 330 657 .Χ.
364 615 564 656 nauibus
606 614 934 668 insequeretur,
982 614 1202 668 paulatim
1246 614 1484 654 Haldanus
1526 627 1603 666 per
1641 626 1734 653 am-
1761 618 1779 647 5

86 691 253 731 fractus
292 688 416 742 fugit,
463 700 704 741 quousque
752 686 1043 740 insequentes
1093 700 1171 740 per
1217 687 1408 727 classem
1450 686 1547 726 eius
1594 685 1733 726 inclu-

86 763 310 803 derentur.
397 760 567 814 Captus
614 759 750 811 igitur
797 758 959 799 Ericus
1005 772 1059 799 ac
1104 758 1421 810 interrogatus,
1467 771 1525 798 an
1574 771 1733 798 seruus

85 834 237 875 viuere
268 834 413 883 vellet,
446 832 576 884 elegit
609 832 753 884 magis
779 831 896 872 mori
929 844 1068 885 quam
1097 830 1364 871 seruitutem
1391 830 1566 878 subire3
1601 830 1733 881 igitur

86 906 374 959 compeditus
406 909 447 945 et
478 905 535 945 ad
569 905 668 945 loca
700 903 856 944 bestiis
881 903 1039 957 peruia
1066 904 1284 955 relegatus
1310 907 1503 943 mortem
1529 902 1731 942 incurrit.

172 979 218 1019 V.
283 977 520 1018 Haldanus
567 976 703 1029 igitur
749 976 925 1017 habens
971 975 1231 1017 dominium
1280 975 1425 1015 Danie
1477 979 1519 1014 et
1564 974 1732 1015 Swecie
1763 979 1801 1009 10

85 1050 230 1092 tribus
263 1050 514 1091 honestatis
546 1049 762 1101 gradibus
796 1048 1128 1102 preeminebat3
1162 1061 1269 1088 nam
1304 1060 1379 1088 rex
1410 1051 1505 1088 erat
1535 1051 1576 1087 et
1610 1046 1732 1099 pugil

86 1122 328 1173 maximus,
375 1121 564 1174 insuper
610 1125 651 1161 et
697 1120 845 1174 patrio
888 1134 1014 1161 more
1053 1105 1424 1174 <condendorum>
1467 1122 1730 1172 poematum

85 1176 252 1248 pericia
314 1193 523 1234 disertus.
612 1193 722 1245 Qui,
784 1193 978 1234 audiens
1038 1194 1155 1234 duos
1216 1192 1386 1245 piratas
1448 1190 1733 1241 fortissimos,

86 1267 322 1308 Tokonem
357 1270 399 1306 et
424 1267 705 1317 Amunduni,
737 1266 1001 1319 prouincias
1032 1265 1259 1317 infestare,
1292 1278 1368 1305 eos
1401 1263 1581 1304 marino
1615 1263 1733 1303 bello

86 1338 382 1391 consumpsit.
446 1338 617 1379 Accidit
655 1343 758 1392 post
796 1339 885 1379 hoc
917 1339 1147 1392 quendam
1182 1337 1384 1378 nobilem
1419 1336 1587 1377 Swecie
1619 1336 1733 1375 adeo
1762 1341 1802 1371 15

85 1411 313 1452 concitare
359 1410 739 1451 communitatem
786 1415 944 1451 contra
990 1411 1270 1459 Haldanum,
1318 1413 1362 1450 vt
1401 1408 1533 1463 quasi
1573 1420 1734 1449 omnes

86 1497 189 1524 eum
224 1496 305 1537 pro
337 1494 440 1534 rege
472 1487 725 1533 sumerent3
772 1484 847 1524 hic
887 1484 1124 1524 dicebatur
1157 1482 1396 1532 Siwaldus,
1443 1481 1734 1533 habebatque

85 1559 255 1610 septem
300 1555 418 1595 filios
457 1556 589 1596 valde
621 1568 761 1607 acres,
808 1556 1022 1610 misitque
1054 1556 1224 1608 legatos
1257 1555 1313 1595 ad
1349 1554 1627 1604 Haldanum,
1674 1556 1733 1603 vt,

85 1628 121 1669 si
159 1632 311 1668 tantus
351 1632 467 1668 esset
506 1641 566 1679 re,
615 1632 815 1681 quantus
856 1628 994 1679 fama,
1040 1628 1137 1681 ipse
1175 1628 1300 1668 solus
1343 1627 1428 1667 sibi
1468 1638 1521 1666 ac
1560 1629 1732 1678 septem

85 1701 190 1742 filiis
222 1700 317 1742 suis
344 1698 602 1741 occurreret
628 1701 684 1741 ad
711 1705 954 1742 certamen.
1003 1701 1107 1751 Quo
1131 1700 1450 1753 respondente,
1483 1697 1731 1750 legitimam
1759 1702 1801 1731 20

86 1773 403 1814 dimicacionis
436 1773 633 1814 formam
668 1774 866 1814 duorum
899 1786 1146 1814 numerum
1181 1773 1396 1813 excedere
1429 1785 1522 1812 non
1554 1770 1732 1819 debere,

87 1845 228 1887 nichil
270 1845 439 1886 mirum
481 1845 606 1897 dixit,
654 1846 890 1886 hominem
932 1846 1058 1899 prole
1099 1849 1326 1885 carentem
1369 1844 1594 1895 abnegare
1629 1855 1733 1883 con-

85 1928 304 1970 gressum,
337 1917 454 1958 sicut
486 1931 578 1958 non
611 1918 857 1959 habentem
890 1918 1089 1959 calorem
1121 1921 1161 1957 et
1184 1917 1425 1958 audaciam
1455 1915 1732 1958 naturalem:

85 1989 287 2043 dixitque
335 2003 380 2030 se
427 1994 469 2031 et
509 1990 630 2031 filios
669 2003 776 2031 suos
817 1990 948 2044 quasi
995 2003 1137 2031 vnum
1186 1989 1422 2030 hominem
1470 2001 1580 2039 esse,
1627 1999 1731 2027 cum

86 2062 181 2116 ipse
213 2062 491 2116 principium
517 2066 634 2103 esset
659 2062 868 2103 omnium
896 2075 1069 2103 eorum.
1119 2062 1300 2113 Quibus
1328 2061 1474 2102 verbis
1496 2060 1733 2100 Haldanus
1759 2063 1800 2093 25

86 2138 362 2187 prouocatus
425 2135 688 2187 congressui
742 2135 916 2175 annuit.
1007 2135 1153 2188 Atque
1199 2147 1278 2187 per
1325 2145 1521 2186 opacum
1570 2144 1732 2172 nemus

83 2203 309 2247 transiens
342 2219 562 2260 quercum
594 2207 814 2248 radicitus
846 2206 1037 2247 extraxit
1068 2211 1204 2260 atque
1235 2206 1376 2246 ramis
1409 2203 1657 2258 amputatis
1686 2203 1731 2243 in

171 2370 206 2405 3.
238 2368 574 2419 accumulauit(!)
597 2371 640 2407 Α.
703 2371 737 2406 4.
770 2372 861 2416 post
884 2370 978 2405 sinu
1013 2369 1053 2405 1⁹11
1078 2380 1207 2415 mary.
1236 2369 1364 2404 maris
1389 2368 1480 2404 add.
1506 2363 1567 2403 ᾹῙ.
1637 2377 1731 2401 cum

87 2425 252 2462 duabus
277 2427 328 2472 Ᾱ;
359 2438 454 2463 cum
489 2428 656 2464 duobus
681 2427 719 2463 S.
797 2427 976 2462 nauibus
1009 2426 1151 2462 addidi
1179 2426 1362 2474 (duobus
1390 2428 1529 2463 autem
1557 2423 1733 2469 nauigiis

88 2482 302 2530 Lanyebelc
344 2495 393 2521 ecc
430 2483 616 2533 Sua-one).
709 2485 742 2520 5.
784 2495 878 2520 cum
920 2484 1063 2520 decem
1101 2482 1195 2531 (om.
1228 2481 1424 2529 nauibus)
1455 2482 1532 2518 As.
1626 2481 1660 2516 7.
1695 2483 1734 2516 et

87 2539 204 2577 inter.
254 2542 298 2577 Α.
405 2543 439 2578 9.
488 2545 526 2577 et
572 2553 650 2578 om.
699 2542 741 2577 Α.
847 2541 1043 2587 religatus
1089 2540 1217 2580 codd„
1265 2540 1421 2575 correxi
1466 2550 1515 2574 err
1559 2538 1730 2574 Saxone.

90 2597 149 2633 11.
190 2598 421 2635 honestatis
463 2598 592 2645 Saae03
638 2599 826 2635 honestis
865 2598 976 2634 codd.
1021 2596 1117 2646 (pro
1157 2594 1353 2644 honestis).
1439 2595 1650 2643 pminebat
1688 2596 1733 2630 V.

90 2654 150 2690 12.
182 2658 357 2701 paterno
382 2656 459 2693 AS.
536 2656 855 2692 condendorum
888 2666 937 2690 ex
960 2655 1121 2691 Saxone
1152 2654 1302 2690 addidi.
1367 2654 1428 2689 14.
1463 2653 1659 2689 tukonem
1689 2652 1732 2687 Α.

87 2712 309 2748 Anundum
342 2713 461 2750 Saxo.
529 2715 589 2750 15.
624 2713 783 2749 Accidit
814 2715 951 2748 autem
979 2712 1017 2747 S.
1094 2714 1188 2758 post
1220 2711 1297 2747 hec
1329 2711 1442 2747 VAS.
1520 2709 1730 2756 quendam

88 2776 256 2829 roln0(‘.>)
287 2781 327 2817 S.
417 2782 522 2818 adeo
554 2793 633 2818 om.
667 2781 742 2817 AS.
831 2782 890 2816 19.
923 2791 967 2816 re
999 2791 1077 2815 om.
1111 2780 1156 2815 V.
1246 2783 1428 2826 quantus
1461 2782 1569 2815 esset
1600 2778 1624 2813 f.
1657 2778 1732 2814 As,

93 2837 254 2873 19-20.
288 2849 337 2874 ac
368 2839 455 2875 suis
481 2843 639 2885 septem
666 2839 760 2874 filiis
786 2838 838 2883 Α;
870 2841 909 2873 et
940 2838 1027 2873 suis
1060 2837 1154 2872 liliis
1181 2836 1219 2872 S.
1281 2837 1345 2872 20.
1381 2837 1622 2882 legittimam
1651 2836 1733 2873 DV.

90 2895 131 2928 ut
159 2894 315 2940 saepias.
399 2896 462 2931 21.
495 2897 694 2932 excedere
726 2899 894 2931 tuorum
907 2893 946 2943 (Ι)
979 2905 1201 2930 numerum
1234 2893 1309 2929 AS.
1393 2894 1457 2929 22.
1494 2893 1731 2929 mirandum

88 2949 193 2986 Saxo
230 2950 485 3001 (Lanyebelc).
576 2953 641 2989 23.
681 2953 789 2989 sicut
821 2952 955 2994 codd.‚·
1002 2951 1143 2987 malim
1185 2951 1354 2987 scilicet.
1443 2951 1651 2986 audiciam
1685 2951 1730 2985 V.

89 3007 152 3042 24.
184 3009 305 3054 quasi
336 3019 415 3046 om.
450 3010 490 3047 S.
582 3010 796 3046 hominem
830 3020 956 3044 vnum
992 3008 1066 3044 AS.
1151 3008 1214 3044 25.
1247 3008 1436 3044 omnium
1469 3007 1658 3054 ipsorum
1693 3007 1733 3043 S.

91 3063 154 3100 27.
187 3065 335 3101 extrait
366 3066 405 3102 S.
