2150 3584
65 1065 105 1097 10

64 1427 103 1458 15

61 1790 103 1822 20

62 2151 104 2184 25

241 185 458 215 svssNONrs
491 185 683 213 AGGOle
716 185 818 212 rimi
853 183 1011 212 ssaEv1s
1045 182 1255 211 fflsromA
1290 183 1440 211 REGVM
1478 183 1608 210 meu:
1702 173 1771 211 101

934 296 972 356 S

133 409 219 449 hac
250 406 434 459 optione
466 405 590 446 haud
624 405 825 458 eligenda
862 403 1063 445 facturus
1096 403 1165 456 sit,
1213 403 1503 455 indagatione
1542 405 1773 444 cumulata

133 479 282 521 senior
313 479 578 519 sciscitatur.
643 478 698 518 Et
734 478 845 518 dum
886 475 1207 516 uniuersorum
1249 488 1378 516 mens
1410 480 1776 517 consternaretur

133 551 353 604 angustia,
387 551 629 604 cunctique
661 550 948 601 indulgerent
975 548 1167 599 silentio,
1202 548 1402 601 prefatus
1424 548 1525 588 Usfo
1553 550 1598 588 in
1625 549 1772 589 media

132 623 350 666 concione
391 623 596 663 surrexit.
659 623 807 673 Quem
849 633 953 662 cum
996 621 1162 661 cohors
1203 621 1418 661 uniuersa
1452 621 1774 674 conspexisset,

131 696 239 738 satis
280 695 498 749 nequibat
537 695 768 747 admirari,
815 693 976 747 utquid
1019 692 1212 745 elinguis
1243 693 1367 734 velut
1398 693 1592 733 orationi
1626 698 1775 745 gestus

130 768 407 810 informaret.
470 768 526 808 Et
569 767 676 821 quia
716 779 853 807 omne
893 778 1048 806 rarum
1091 765 1282 817 dignum
1324 765 1541 805 nouimus
1580 766 1775 806 admira-

129 840 265 893 tione,
297 840 506 881 omnium
539 839 586 880 in
619 852 665 880 se
697 839 826 879 duxit
856 838 1087 878 intuitum.
1136 838 1342 878 Tandem
1377 837 1441 877 sic
1474 850 1605 877 orsus
1637 838 1773 891 cepit:

134 914 259 955 »Non
307 926 392 954 nos
438 912 560 953 mine
607 915 825 952 moueant
871 910 1214 960 lacessentium,
1270 922 1376 950 cum
1431 922 1480 950 ea
1529 909 1774 950 Teotonice

129 985 377 1039 turgiditati
432 985 588 1025 innata
643 984 699 1025 sit
750 983 972 1035 conditio,
1035 987 1083 1022 ut
1135 982 1384 1023 uerborum
1437 982 1776 1035 ampullositate

129 1057 376 1112 glorientur
414 1057 738 1111 minarumque
778 1055 1049 1097 uentositate
1089 1054 1409 1109 pusillanimes
1451 1058 1492 1094 et
1523 1054 1774 1095 imbecilles

129 1130 323 1172 calleant
367 1128 726 1170 comminatione
773 1132 1077 1169 consternare.
1164 1128 1236 1168 Me
1283 1127 1449 1168 etenim
1498 1127 1686 1166 unicum
1735 1131 1775 1167 et

129 1215 290 1244 uerum
329 1202 454 1255 regni
491 1205 654 1242 natura
694 1201 911 1255 produxit
948 1201 1177 1253 heredem,
1224 1200 1296 1241 cui
1338 1199 1539 1253 profecto
1583 1199 1775 1240 nouistis

128 1275 407 1327 incumbere,
454 1278 503 1315 ut
546 1273 871 1315 monomachie
903 1286 976 1313 me
1009 1272 1265 1313 discrimini
1297 1272 1513 1312 audacter
1544 1272 1774 1323 obiiciam,

129 1351 352 1403 quatenus
391 1347 465 1388 uel
496 1359 579 1400 pro
611 1358 749 1398 regno
784 1347 908 1387 solus
941 1346 1217 1386 occumbam
1250 1345 1322 1385 uel
1356 1357 1438 1398 pro
1471 1344 1617 1397 patria
1650 1344 1774 1384 solus

129 1419 368 1462 uictoriam
401 1419 646 1460 obtineam.
710 1419 767 1459 Ut
805 1430 910 1471 ergo
944 1418 1175 1458 minarum
1209 1421 1411 1458 cassetur
1442 1416 1774 1470 ampullositas,

128 1493 212 1534 hec
241 1491 506 1546 imperatori
537 1491 735 1532 referant
766 1492 997 1543 mandata,
1030 1494 1079 1531 ut
1109 1490 1398 1544 imperatoris
1428 1489 1550 1529 filius
1576 1493 1618 1529 et
1644 1490 1774 1529 heres

128 1565 307 1619 imperii
348 1577 455 1606 cum
501 1565 670 1605 athleta
717 1563 1081 1617 prestantissimo
1128 1562 1241 1603 mihi
1290 1562 1375 1603 soli
1422 1575 1514 1602 non
1562 1561 1775 1602 formidet

128 1649 403 1678 occurrere«
468 1637 591 1677 Dixit
629 1641 671 1677 et
707 1637 793 1677 hec
834 1636 975 1677 uerba
1017 1635 1208 1676 dictauit
1250 1647 1364 1676 uoce
1412 1634 1620 1688 superba.
1684 1634 1773 1684 Qui

128 1710 238 1750 dum
285 1709 537 1751 orationem
581 1709 873 1762 complesset,
920 1721 946 1749 a
993 1708 1332 1749 collateralibus
1380 1707 1531 1748 senior
1578 1706 1774 1747 sciscita-

129 1782 280 1835 batur,
327 1782 569 1823 cuiusnam
610 1782 696 1822 hec
736 1781 896 1822 fuisset
934 1780 1092 1822 oratio.
1157 1780 1273 1822 Cum
1311 1784 1462 1821 autem
1511 1792 1535 1820 a
1583 1780 1773 1820 circum-

129 1854 352 1895 stantibus
397 1854 704 1906 intellexisset,
751 1854 874 1908 quod
915 1853 1038 1894 filius
1080 1866 1204 1905 suus,
1251 1852 1378 1907 prius
1421 1852 1564 1893 ueluti
1604 1855 1773 1903 mutus,

128 1927 252 1968 hunc
297 1927 531 1967 effudisset
576 1939 851 1978 sermonem,
898 1926 1185 1980 palpandum
1225 1938 1332 1966 eum
1375 1924 1506 1965 iussit
1547 1924 1771 1965 accersiri.

129 1999 185 2040 Et
228 2011 334 2040 cum
380 1999 598 2040 humeros
644 1999 927 2053 lacertosque
973 2003 1014 2040 et
1061 1999 1232 2050 clunes,
1280 2009 1409 2037 suras
1456 2000 1591 2050 atque
1636 1996 1772 2037 tibias

129 2075 365 2125 ceteraque
413 2071 619 2112 membra
667 2071 881 2124 organica
932 2071 1091 2112 crebro
1139 2070 1387 2124 palpasset:
1455 2069 1663 2109 »Talem«
1713 2068 1776 2108 ait

133 2157 229 2185 »me
284 2144 475 2185 memini
528 2144 576 2184 in
630 2144 740 2185 flore
796 2143 994 2184 extitisse
1043 2142 1333 2184 iuuentutis«
1423 2141 1542 2192 Quid
1599 2141 1774 2181 multa‘?

129 2217 372 2257 Terminus
411 2227 561 2270 pugne
603 2216 894 2257 constituitur
925 2220 967 2256 et
998 2216 1139 2256 locus.
1202 2214 1394 2268 Talique
1425 2226 1645 2267 responso
1678 2226 1773 2266 per-

129 2292 257 2342 cepto
289 2290 347 2329 ad
379 2288 564 2343 propria
595 2288 728 2341 legati
759 2288 1052 2342 repedabant.

837 2632 959 2673 CAP.
996 2632 1072 2673 ΙΙΙ.

223 2704 465 2795 Superest
496 2752 615 2793 ergo,
661 2744 711 2781 ut
749 2752 877 2780 arma
909 2751 1032 2779 nouo
1066 2738 1198 2778 militi
1231 2749 1432 2791 congrua
1464 2741 1771 2789 corrogentur.

130 2812 376 2867 Allatisque
423 2813 623 2866 ensibus,
670 2825 786 2867 quos
832 2812 879 2852 in
925 2821 1063 2863 regno
1110 2811 1432 2864 prestantiores
1474 2823 1553 2851 rex
1600 2813 1773 2863 poterat

135 2929 195 2965 12.
226 2930 487 2966 neutositate.
582 2930 644 2966 13.
676 2929 1070 2965 communicatione.
1162 2929 1224 2964 19.
1256 2928 1296 2964 in
1335 2930 1429 2975 (pro
1463 2912 1523 2972 nin).
1602 2927 1666 2963 20.
1700 2926 1771 2972 cfr.

138 2995 274 3042 Ver-qil.
301 2998 390 3034 AEn.
420 2998 497 3042 VII,
524 2998 613 3035 544.
675 2998 739 3034 23.
772 2989 1028 3045 ρει-Γῧᾱίΐοθῐ.
1091 2997 1154 3033 26.
1182 2997 1389 3044 juuenum
1421 2998 1515 3043 (pro
1549 2995 1772 3044 ornemini).
