2150 3584
673 196 933 225 CHRONJCON
968 197 1235 225 LETHRENSE
1717 189 1761 227 41

128 314 295 349 bevaret
337 313 444 360 Spor
485 312 528 348 af
570 313 648 352 det,
695 323 784 347 som
828 312 939 348 selve
972 313 1233 359 Archetypen
1278 314 1355 348 vist
1397 325 1485 349 maa
1527 315 1631 350 have
1673 316 1768 350 hasti

129 382 202 418 Det
233 392 279 417 er
310 381 403 416 ikke
437 381 621 426 umuligt,
654 384 694 416 at
727 381 763 415 M
798 391 843 417 er
875 381 1083 416 afskrevet
1114 381 1218 416 efter
1251 382 1292 424 E,
1331 382 1454 417 skont
1481 383 1548 428 jeg
1581 384 1672 418 ikke
1707 386 1770 419 tor

125 450 209 496 sige
251 449 319 486 det
359 449 451 485 med
492 449 742 492 Sikkerhed;
792 460 883 484 men
926 450 933 484 i
977 449 1139 484 ethvert
1179 449 1278 484 Fald
1325 460 1370 485 er
1405 451 1439 485 Μ
1484 450 1527 485 af
1562 451 1770 496 adskilligt

128 518 291 565 ringere
324 518 441 553 Vaerd
476 518 555 553 end
591 518 630 553 E.

210 586 450 622 Chronicon
500 586 727 622 Lethrense
782 597 827 621 er
882 589 987 631 (som
1038 586 1445 632 Lundeaarbogerne
1492 588 1500 622 i
1550 588 1616 623 det
1665 588 1769 631 hele)

125 665 270 690 seuere
312 654 458 690 bleven
503 654 685 700 benyttet
719 655 762 690 af
790 655 868 690 den
903 655 1121 698 Forsatter,
1168 654 1243 690 der
1282 655 1359 690 har
1397 656 1561 691 skrevet
1593 655 1770 691 Annales

125 722 314 769 Ryenses.
390 723 522 768 Ogsaa
571 722 709 759 Petrus
758 722 849 759 ozai
894 723 971 759 har
1018 724 1159 758 hentet
1207 723 1357 769 Bidrag
1403 724 1540 759 derfra
1590 724 1633 759 til
1681 725 1769 760 sine

124 791 408 836 Colleetanea3
455 802 547 826 men
589 792 671 827 han
713 791 869 836 afviger
909 792 992 827 hist
1031 800 1081 837 og
1122 791 1199 826 her
1237 792 1246 826 i
1280 792 1370 828 sine
1403 792 1677 829 Meddelelser
1709 793 1768 829 fra

123 859 202 895 den
242 860 253 894 i
299 859 672 896 Haandskrifterne
711 859 1006 896 overleverede
1038 860 1151 903 Text,
1197 871 1268 895 saa
1308 863 1349 896 at
1386 861 1469 896 han
1512 871 1636 908 ogsaa
1678 873 1768 897 maa

123 928 227 963 have
260 927 445 974 benyttet
476 939 526 964 en
559 928 695 964 anden
730 928 859 964 Kilde.
920 929 992 974 Jeg
1023 939 1069 963 er
1100 928 1301 975 tilbojelig
1335 929 1378 965 til
1410 932 1450 964 at
1483 933 1560 974 tro,
1607 934 1647 966 at
1688 931 1768 965 han

123 995 201 1031 har
232 995 420 1032 raadfort
451 996 511 1043 sig
545 997 636 1033 med
669 997 748 1032 den
781 998 915 1043 gamle
947 997 1106 1033 danske
1131 997 1327 1042 Kronike‚
1358 1009 1448 1033 som
1483 999 1618 1034 baerer
1635 998 1767 1034 Titlen

125 1063 238 1100 Gesta
279 1063 494 1100 Danorum
539 1077 593 1111 pa
640 1065 807 1101 danslcoe
851 1065 1034 1112 (udgivet
1073 1065 1084 1100 i
1126 1065 1365 1113 forskellige
1405 1067 1686 1103 Redaktioner
1731 1067 1775 1102 af

123 1132 173 1168 M.
207 1133 478 1169 Lorenzen
518 1134 529 1168 i
566 1134 933 1171 »Gammeldanske
966 1134 1208 1178 Kroniker«‚
1248 1135 1411 1171 Kbhvn.
1445 1136 1589 1179 1887);
1635 1135 1770 1171 denne

123 1200 202 1236 har
233 1201 385 1248 nemlig
418 1202 427 1237 i
455 1203 740 1249 Begyndelsen
774 1214 823 1239 en
857 1206 919 1239 ret
951 1202 1002 1239 fri
1027 1203 1318 1239 Oversaettelse
1350 1204 1452 1239 eller
1480 1204 1770 1250 Bearbejdelse

122 1268 166 1304 af
201 1269 321 1315 nogle
361 1270 405 1305 af
443 1271 793 1317 Lejrekronikens
827 1271 1127 1318 Fortaellinger‚
1173 1281 1223 1318 og
1264 1272 1343 1308 den
1386 1273 1465 1308 kan
1500 1272 1647 1308 Petrus
1680 1272 1769 1308 Olai

123 1337 227 1374 have
259 1338 386 1374 kendt
417 1348 467 1385 og
499 1340 687 1386 gengivet
720 1351 797 1386 paa
830 1341 882 1376 sit
914 1343 1001 1387 eget
1034 1341 1165 1376 Latin.
1229 1341 1303 1376 Det
1344 1341 1423 1377 kan
1464 1342 1632 1377 maaske
1665 1341 1769 1376 have

121 1405 185 1441 sin
219 1406 424 1443 Interesse
464 1408 509 1443 til
541 1408 896 1455 Sammenligning
938 1409 1032 1445 med
1065 1409 1160 1445 Chr.
1195 1410 1332 1445 Letbr.
1372 1413 1413 1445 at
1444 1421 1499 1454 se,
1547 1409 1768 1445 hvorledes

124 1474 414 1521 Fortaellingen
469 1487 538 1512 om
586 1477 687 1512 Raki
734 1487 785 1523 og
832 1478 943 1523 Snyo
990 1478 1110 1524 lyder
1156 1478 1233 1514 hos
1283 1479 1378 1513 ham
1433 1478 1459 1522 <i
1506 1478 1769 1514 Collectanea

122 1542 189 1578 fol.
231 1543 308 1587 16),
355 1553 405 1590 og
451 1545 593 1581 derfor
633 1545 881 1582 fremsaetter
913 1547 981 1593 jeg
1021 1547 1100 1582 den
1139 1547 1216 1582 her
1257 1547 1268 1582 i
1313 1547 1557 1593 Slutningen
1601 1547 1645 1582 af
1684 1548 1768 1583 min

122 1611 297 1654 Fortale,
330 1613 410 1659 dog
442 1613 535 1649 med
571 1614 818 1650 Udeladelse
849 1615 894 1650 af
921 1615 1028 1650 hans
1060 1624 1160 1661 egen
1188 1615 1322 1651 Kritik
1355 1627 1455 1652 over
1474 1616 1766 1662 Fortaellingen

119 1680 280 1726 (smlgn.
313 1681 554 1728 Langebeks
588 1682 756 1729 Udgave
788 1683 908 1719 deraf
937 1683 949 1718 i
982 1683 1016 1719 S.
1052 1683 1095 1719 R.
1132 1683 1189 1728 D„
1222 1684 1337 1720 Tom.
1372 1685 1399 1727 Ι,
1433 1695 1468 1731 p.
1503 1684 1554 1722 79
1584 1684 1619 1728 f.‚
1663 1685 1770 1720 hvor

123 1748 197 1784 der
228 1748 308 1795 dog
340 1760 385 1785 er
418 1751 537 1797 nogle
570 1751 765 1798 Smaafejl
797 1752 809 1787 i
841 1753 1031 1795 Texten):

209 1817 386 1864 Helgo‚
432 1819 563 1855 frater
600 1820 888 1857 Roe....Hic
927 1820 1027 1856 dicit
1062 1821 1260 1865 Cronica„
1297 1822 1410 1868 quod
1456 1825 1550 1868 post
1591 1825 1766 1858 mortem

125 1885 322 1931 Helgonis
368 1887 534 1933 Atislus,
581 1900 651 1924 rex
699 1889 855 1933 Suecie,
917 1894 1053 1925 Danos
1072 1892 1110 1934 (1)
1157 1891 1360 1926 tributum
1409 1890 1596 1936 inposuit
1642 1893 1681 1925 et
1726 1890 1767 1925 in

120 1954 397 2000 obprobrium
424 1957 538 1992 dedit
569 1957 628 1992 eis
661 1968 806 1993 canem
841 1969 917 2004 pro
950 1967 1064 2004 rege;
1096 1969 1179 2004 quo
1213 1959 1265 1994 ab
1298 1959 1389 1994 aliis
1422 1959 1598 1994 canibus
1626 1959 1766 1994 occiso

122 2022 260 2068 posuit
293 2024 351 2059 eis
384 2025 594 2070 quendam
629 2026 727 2062 Snio
759 2037 837 2073 pro
871 2036 975 2073 rege.
1037 2027 1114 2063 Sed
1148 2028 1229 2062 hoc
1262 2027 1426 2063 videtur
1458 2027 1622 2071 falsum,
1668 2027 1765 2073 quia

121 2092 188 2126 etc.
210 2092 490 2136 ...Quamuis
522 2094 648 2140 igitur
680 2095 956 2141 probabiliter
987 2096 1121 2142 possit
1152 2096 1245 2139 dici,
1278 2096 1390 2142 quod
1426 2099 1599 2142 propter
1622 2096 1766 2131 odium

119 2159 335 2196 Danorum
369 2163 587 2198 mentitum
621 2163 674 2198 sit
704 2163 754 2199 de
787 2164 858 2199 illo
891 2174 994 2200 cane
1027 2167 1066 2199 et
1097 2165 1147 2200 de
1180 2165 1291 2200 dicto
1325 2164 1436 2206 Snio,
1468 2167 1619 2208 tamen,
1652 2164 1764 2210 quod

119 2227 168 2263 de
201 2227 260 2263 eis
292 2228 458 2274 dicitur,
490 2231 714 2267 dicendum
748 2235 808 2268 est
841 2236 1016 2278 propter
1047 2233 1200 2268 dictam
1234 2233 1468 2269 Cronieam.

206 2296 338 2332 Snio.
400 2298 503 2334 Cum
546 2299 756 2336 laceratus
787 2300 935 2336 fuisset
967 2302 1103 2337 dictus
1136 2302 1251 2337 canis
1285 2301 1336 2337 ab
1368 2301 1460 2337 aliis
1492 2301 1543 2337 ad
1578 2305 1767 2343 mortem,

119 2364 351 2401 timuerunt
398 2367 503 2402 Dani
550 2367 786 2414 significare
827 2373 1003 2405 mortem
1049 2370 1138 2405 eius
1179 2370 1308 2406 Atislo
1325 2369 1364 2414 1).
1427 2370 1630 2406 Miserunt
1669 2379 1767 2417 ergo

119 2433 244 2468 istum
289 2434 388 2470 Snio
436 2436 486 2471 ad
535 2447 642 2481 eum,
690 2440 731 2472 vt
773 2438 912 2473 verbis
951 2438 1144 2474 obscuris
1187 2439 1398 2474 intimaret
1439 2442 1591 2474 statum
1640 2439 1766 2484 regni.

120 2501 198 2545 Qui
231 2512 325 2538 cum
355 2505 548 2549 venisset,
580 2506 764 2551 quesiuit
781 2506 934 2541 Atislus
961 2507 1011 2542 de
1035 2510 1146 2542 statu
1167 2508 1301 2543 Dacie.
1348 2509 1397 2543 At
1428 2507 1497 2542 ille
1529 2507 1763 2552 respondit:

124 2570 249 2616 »Apes
281 2571 370 2607 sine
402 2573 539 2609 duee.‹
592 2574 830 2620 Intelligens
862 2585 909 2609 ex
939 2575 1018 2611 hoc
1041 2575 1208 2619 Atislus‚
1240 2587 1384 2611 canem
1419 2580 1632 2611 mortuum
1666 2586 1767 2615 esse,

120 2638 294 2682 prefecit
326 2640 442 2676 illurn
477 2642 575 2677 Snio
609 2642 750 2684 Danis,
797 2643 1015 2687 mandans,
1061 2647 1102 2679 vt
1142 2655 1270 2691 super
1309 2655 1380 2680 eos
1419 2644 1627 2679 violentus
1659 2647 1767 2679 esset

120 2709 334 2751 tyrannus.
398 2710 477 2753 Qui
509 2721 604 2745 cum
637 2711 677 2745 in
713 2711 883 2746 Daciam
918 2711 1083 2755 rediret,
1120 2713 1337 2748 dominum
1372 2724 1495 2748 suum
1528 2712 1665 2748 timuit
1698 2713 1765 2748 Lae

120 2774 338 2820 gigantem,
384 2789 405 2813 a
439 2789 522 2823 quo
556 2779 710 2815 dicitur
742 2780 877 2824 Laeso;
924 2780 1013 2816 eius
1046 2781 1156 2816 enim
1190 2785 1334 2827 pastor
1368 2781 1523 2823 meran
1571 2781 1766 2826 misitque

121 2844 333 2889 nuncium,
366 2847 436 2892 qui
463 2858 557 2882 eum
583 2859 661 2883 suo
689 2849 857 2884 nomine
890 2849 1102 2885 salutaret.
1151 2851 1340 2896 Cumque
1375 2850 1554 2886 nuncius
1587 2850 1767 2884 venisset

161 2998 186 3026 ΙΝ
213 3000 285 3031 Her
311 3001 378 3033 har
406 3002 597 3042 Langebek
624 3006 742 3044 meget
768 3003 933 3044 uheldigt
960 3004 1140 3036 indskudt
1172 3015 1216 3036 en
1249 3008 1303 3038 fra
1331 3007 1482 3038 Randen
1510 3005 1636 3035 hentet
1665 3004 1766 3043 Note,

211 3066 289 3088 som
317 3059 411 3090 intet
437 3059 504 3090 har
530 3062 567 3090 at
592 3067 676 3099 gere
704 3060 786 3091 med
813 3061 947 3092 Texten
975 3069 1018 3102 og
1044 3061 1119 3092 helt
1146 3063 1345 3104 forstyrrer
1371 3062 1714 3102 Sammenhaengen.
