2150 3584
607 211 901 240 COMPENDWM
935 210 1133 239 saxoNJs.
1183 212 1264 239 Lm.
1299 212 1322 239 x
1701 202 1782 241 363

138 327 273 378 Quod
313 326 505 367 audiens
539 326 817 376 Kanutus,
866 323 988 364 filius
1021 324 1272 376 Swenonis,
1320 325 1467 378 primo
1501 325 1702 366 Slauiam
1743 330 1784 366 et

138 398 370 440 Sembiam
427 397 711 450 subiugauit3
773 397 936 437 deinde
990 396 1268 437 discordiam
1325 397 1438 438 inter
1486 398 1687 439 Olauum
1743 403 1784 439 et

138 471 321 512 fratrem
355 471 452 511 eius
486 470 739 510 Haraldum
774 469 869 510 fieri
904 468 1181 522 procurauit,
1230 483 1284 509 ne
1316 470 1515 522 Anglicis
1548 471 1705 511 tierent
1738 471 1780 510 in

137 543 441 593 adiutorium3
488 555 579 596 quo
627 542 746 583 facto
793 541 1006 593 Anglicos
1053 545 1119 581 est
1165 552 1413 593 aggressus.
1488 543 1602 583 Inito
1651 543 1784 595 igitur

135 615 409 668 grauissimo
456 615 589 666 bello,
636 627 742 655 cum
787 614 1076 664 Ethwardus‚
1123 626 1199 653 rex
1240 614 1411 666 Anglie‚
1460 615 1629 656 videret
1676 629 1783 656 suos

135 687 249 728 velle
294 688 473 740 cedere,
530 691 715 741 pactum
766 686 885 735 iniit,
944 690 989 726 vt
1036 686 1244 726 Kanutus
1291 687 1578 728 medietatem
1627 688 1784 740 Anglie

137 760 325 801 haberet
377 759 477 814 ipso
532 759 714 800 viuente
766 771 820 799 ac
872 762 976 812 post
1022 761 1216 799 mortem
1264 757 1360 798 eius
1405 762 1546 800 totam
1596 761 1783 813 pacifice

135 832 399 886 possideret.
463 832 672 890 Cumque
720 832 929 872 Kanutus
975 834 1149 884 septem
1197 830 1330 871 annis
1378 832 1581 872 medium
1626 833 1784 885 Anglie

133 905 366 958 tenuisset,
412 904 600 959 quidam
645 905 800 945 aulam
847 903 990 957 ipsius
1036 903 1257 944 intrantes
1298 916 1403 944 eum
1449 915 1598 956 regem
1637 906 1784 946 tocius

134 977 292 1030 Anglie
333 977 604 1018 salutabant.
669 976 759 1027 Qui
802 977 914 1017 dum
954 977 1010 1017 de
1052 979 1170 1017 statu
1206 975 1438 1016 Ethwardi
1477 977 1784 1030 interrogaret,

135 1049 222 1102 illi,
277 1053 512 1103 sperantes
558 1049 645 1090 sibi
691 1062 904 1102 munera,
961 1048 1174 1090 dixerunt
1219 1061 1324 1088 eum
1372 1048 1658 1090 intersectum
1707 1064 1785 1103 per

136 1122 281 1176 ipsos3
328 1126 373 1162 at
415 1122 489 1163 ille
521 1121 674 1162 statim
706 1122 810 1163 fecit
841 1135 918 1163 eos
950 1121 1198 1175 suspendio
1230 1120 1424 1162 interire.
1503 1122 1617 1163 Cum
1650 1122 1785 1174 igitur

135 1195 346 1248 Angliam
371 1194 637 1248 possideret,
666 1195 825 1236 volens
851 1207 957 1235 cum
985 1193 1192 1235 finitimis
1218 1205 1379 1247 pacem
1403 1194 1585 1245 habere,
1617 1194 1784 1247 recepit

136 1268 182 1308 in
223 1267 489 1321 coniugium
521 1268 753 1320 Ymmam,
800 1267 943 1308 filiam
978 1266 1177 1319 Roberti,
1223 1266 1353 1307 ducis
1387 1267 1683 1319 Normannie,
1729 1268 1784 1307 de

135 1353 226 1396 qua
281 1340 436 1393 genuit
483 1341 717 1380 Kanutum
770 1343 813 1380 et
859 1340 1164 1391 Gunnildam3
1227 1338 1421 1380 Ricardo
1467 1352 1595 1392 vero,
1659 1340 1784 1380 fratri

137 1413 335 1465 Roberti,
381 1412 505 1454 dedit
551 1425 756 1453 sororem
804 1425 936 1453 suam
984 1412 1157 1453 Estrith
1204 1425 1402 1453 vxorem.
1477 1412 1586 1452 Erat
1631 1416 1783 1452 autem

137 1486 344 1526 Kanutus
390 1489 513 1526 tante
560 1485 680 1526 fame
722 1489 764 1525 et
803 1485 1137 1537 munificencie,
1183 1488 1231 1526 vt
1277 1484 1443 1525 milites
1489 1486 1544 1525 de
1591 1485 1784 1526 diuersis

134 1558 342 1612 partibus
388 1559 443 1598 ad
486 1557 583 1598 eius
629 1557 853 1598 familiam
900 1557 1193 1599 declinarent.
1266 1557 1387 1598 Inter
1433 1571 1547 1611 quos
1594 1557 1782 1612 quidam

135 1631 237 1672 Vlfo
266 1631 321 1671 de
348 1630 533 1683 Swecia,
567 1630 711 1683 magis
743 1630 849 1671 dolo
883 1643 1023 1684 quam
1055 1629 1231 1671 viribus
1263 1634 1484 1683 prestans,
1517 1630 1659 1670 eciam
1688 1630 1784 1670 eius

134 1703 382 1745 seruicium
424 1702 633 1754 intrauit3
680 1702 811 1744 cuius
852 1703 1030 1744 Vlfonis
1076 1702 1201 1755 origo
1248 1702 1351 1743 talis
1398 1706 1503 1743 erat.
1582 1702 1781 1753 Quidam

133 1789 265 1818 vrsus
298 1776 354 1817 de
385 1788 571 1817 nemore
604 1788 792 1817 currens
824 1776 968 1816 filiam
1001 1775 1242 1816 cuiusdam
1285 1774 1628 1828 patrisfamilias
1661 1779 1783 1815 extra

134 1849 328 1890 domum
366 1849 600 1889 ludentem
638 1849 792 1902 rapuit
837 1861 891 1889 ac
929 1848 1047 1889 inter
1093 1847 1282 1888 brachia
1321 1848 1379 1887 ad
1421 1860 1555 1888 suum
1599 1851 1781 1888 antrum

134 1921 412 1975 deportauit3
436 1920 513 1975 qui
540 1921 697 1962 videns
720 1921 1112 1974 pulchritudinem
1135 1920 1284 1974 puelle
1304 1919 1527 1961 feritatem
1547 1920 1782 1961 bestialem

134 1994 182 2035 in
228 1993 467 2035 libidinem
515 1994 814 2047 permutauit,
870 2006 1063 2047 eamque
1111 2004 1392 2045 cognoscens
1438 1991 1585 2032 filium
1633 2005 1687 2033 ex
1733 2006 1783 2033 ea

134 2066 379 2119 generauit.
441 2066 617 2108 Accidit
648 2069 815 2119 autem,
863 2079 1020 2107 vrsum
1060 2066 1116 2106 ad
1159 2064 1414 2119 predictum
1457 2068 1640 2105 antrum
1674 2064 1784 2117 fugi-

134 2143 284 2180 entem
316 2152 342 2180 a
374 2139 672 2180 venatoribus
704 2138 912 2191 interfici,
959 2139 1253 2193 puellamque
1292 2150 1398 2178 curn
1438 2137 1533 2178 filio
1578 2137 1783 2187 liberari;

135 2211 213 2266 qui
254 2225 423 2252 nomen
473 2224 499 2252 a
545 2215 672 2265 patre
717 2211 941 2265 recipiens
985 2212 1138 2265 Byorn
1180 2214 1246 2251 est
1284 2209 1445 2251 dictus.
1510 2209 1595 2250 Hic
1631 2210 1784 2261 genuit

136 2284 428 2325 Thorkillum
462 2284 718 2337 Spracaleg,
751 2284 829 2338 qui
861 2283 1016 2336 genuit
1047 2283 1219 2324 dictum
1254 2282 1478 2323 Vlfonem.

219 2357 318 2398 XII.
381 2357 494 2398 Cum
536 2359 689 2396 autem
722 2356 913 2407 Olauus,
959 2369 1037 2397 rex
1079 2355 1329 2407 Norwegie,
1376 2368 1481 2395 cum
1525 2355 1659 2395 fratre
1699 2368 1782 2396 suo

138 2429 339 2470 Haraldo
386 2429 583 2481 grauiter
631 2428 820 2469 Daciam
869 2428 1113 2479 infestaret,
1161 2427 1488 2481 superueniens
1531 2428 1585 2468 de
1622 2427 1782 2480 Anglia

226 2555 261 2591 2.
291 2554 326 2591 S.
345 2554 425 2590 sibi
442 2554 682 2600 subiugauit
701 2553 740 2590 S.
802 2554 837 2590 3.
862 2554 1034 2589 fratrem
1053 2554 1142 2589 eius
1160 2564 1237 2588 om.
1257 2552 1296 2588 S.
1358 2552 1393 2589 3.
1421 2552 1593 2598 anglicis
1611 2562 1688 2588 om.
1707 2551 1781 2587 AS.

139 2612 174 2648 5.
215 2612 428 2648 ethwarus
466 2611 554 2657 VA;
601 2611 793 2647 edwarus
834 2612 887 2655 D;
937 2611 1159 2647 edwardus
1201 2610 1240 2646 S.
1332 2620 1404 2645 rex
1447 2609 1581 2656 anglie
1620 2619 1698 2644 om.
1743 2609 1782 2644 S.

139 2668 173 2705 6.
205 2668 310 2705 velle
342 2679 421 2704 om.
456 2669 494 2705 S.
585 2669 662 2704 init
693 2669 776 2713 DV,
821 2668 890 2704 sed
922 2668 962 2703 in
995 2678 1125 2714 marq.
1154 2666 1246 2713 fort.
1280 2666 1333 2702 D1
1365 2666 1497 2702 iniuit.
1582 2667 1615 2702 7.
1648 2676 1695 2701 ac
1728 2677 1780 2712 pc)

136 2736 187 2772 po
220 2727 324 2771 m.(!)
358 2726 403 2762 D.
472 2726 506 2762 8.
539 2725 759 2761 dimidium
793 2725 831 2761 S.
903 2726 936 2761 9.
970 2725 1108 2760 aulam
1142 2724 1231 2760 eius
1264 2724 1339 2760 AS.
1403 2725 1465 2760 10.
1498 2723 1706 2759 salutabat
1737 2724 1781 2758 V.

138 2783 324 2819 edwardi
356 2783 395 2819 S.
469 2784 530 2819 11.
563 2793 656 2819 eum
691 2793 769 2818 om.
804 2783 849 2818 V.
928 2782 988 2818 12.
1022 2781 1118 2818 fecit
1149 2792 1221 2817 eos
1253 2782 1391 2817 statim
1426 2781 1466 2817 S.
1545 2780 1604 2816 13.
1637 2780 1781 2815 volens

139 2840 343 2876 finitiuam
385 2851 532 2886 pacem
574 2839 622 2885 S;
669 2839 813 2875 volens
856 2839 1039 2882 finitffiffi)
1083 2849 1228 2885 pacem
1262 2838 1304 2874 A.
1399 2839 1457 2874 14.
1490 2848 1628 2883 ymam
1665 2837 1780 2872 DVA.

141 2898 190 2932 14
210 2898 302 2942 (16).
330 2897 489 2944 ruperti
515 2899 559 2934 A.
623 2897 685 2932 15.
719 2896 889 2932 rikardo
916 2896 1017 2931 VAS
1050 2896 1157 2939 (ilem
1182 2896 1215 2930 V
1249 2894 1384 2940 infra).
1452 2896 1512 2931 16.
1547 2894 1702 2930 estreth
1731 2895 1782 2933 A:

139 2954 307 2990 estredh
335 2955 399 2999 (z
416 2955 508 2998 364,
527 2955 566 2999 3)
591 2953 630 2990 S.
695 2954 756 2989 19.
781 2957 819 2990 et
844 2953 933 2989 eius
960 2954 1003 2989 D.
1066 2953 1130 2991 21.
1162 2952 1453 2999 patrifamilias
1471 2952 1516 2988 V.
1581 2951 1644 2986 23.
1678 2950 1783 2986 fero-

139 3011 305 3047 citatem
351 3011 396 3047 A.
485 3012 548 3047 27.
596 3021 749 3046 nomen
809 3010 940 3057 patris
986 3020 1067 3046 rec.
1112 3010 1155 3045 A.
1243 3009 1366 3045 biorn
1406 3009 1450 3044 V.
1541 3009 1603 3044 28.
1644 3008 1781 3044 thork.

142 3068 387 3117 spracaelege
420 3068 472 3112 A3
503 3068 608 3104 tork.
643 3067 876 3114 spragelegh
911 3067 949 3103 S.

1814 987 1852 1017 10

1812 1351 1851 1382 15

1810 1714 1851 1745 20

1811 2077 1852 2108 25

1808 2441 1850 2472 30
