2150 3584
274 202 356 243 484
616 211 892 242 scrumosus
925 209 1152 241 HISTORIAE
1186 209 1362 240 DANICAE
1393 210 1594 241 MINORES

388 327 574 379 obtinet,
608 327 809 367 continet
1251 325 1435 366 exteris:
1469 326 1662 378 posteris

387 400 572 453 templa,
605 403 766 451 castra,
800 398 964 439 menia.
1251 398 1327 438 vix
1357 397 1474 438 redit
1506 398 1779 438 dominium.

1142 512 1214 552 17.
1256 511 1503 561 Quondam
1553 512 1814 553 Hadersleff
1858 524 1927 552 ca-

279 585 352 627 16.
392 587 489 627 Iam
522 600 568 627 es
600 590 718 627 tacta
751 590 793 626 et
824 587 1007 626 redacta
1687 585 1869 625 stellum

389 658 435 698 in
469 658 670 699 derisum
706 658 931 710 omnium,
1255 655 1521 697 inuaserant
1553 669 1770 710 prospere

390 744 571 772 necnon
596 730 738 771 fracta
771 734 813 770 et
849 729 1064 770 distracta
1253 729 1393 780 Dani3
1426 730 1516 770 hoc
1540 729 1744 770 fecerunt
1771 729 1928 769 bellum

390 817 469 857 per
500 803 761 843 dissensum
795 802 1020 843 cordium.
1253 805 1388 854 rupto
1420 802 1536 842 falso
1569 802 1731 843 federe.

391 877 584 929 Gottrup
603 879 818 927 castrum⁷
837 874 1064 928 optimum
1255 874 1441 914 Clericis
1474 874 1728 927 displicuit3

392 949 629 989 Danorum
665 947 933 1001 presidium,
1253 946 1435 986 rusticis
1468 947 1600 987 dolor
1631 946 1729 998 fuit,

391 1020 610 1074 perditur,
642 1020 836 1060 traditur
1254 1019 1379 1072 quod
1411 1018 1527 1071 vilis,
1560 1018 1738 1059 seruilis

366 1185 434 1230 15,
454 1184 489 1220 9.
524 1184 662 1219 menia
686 1199 729 1214 z
752 1183 1012 1219 munitiones.
1057 1178 1069 1235 ΙΙ
1119 1184 1240 1228 16,1.
1273 1185 1381 1218 tacta
1425 1183 1649 1227 »lammet«,
1691 1182 1933 1229 oeyritudine

277 1241 494 1278 debilitata.
528 1262 581 1266 ——
615 1241 649 1277 3.
680 1240 789 1277 facta
822 1241 856 1277 H
890 1251 1036 1277 errore.
1073 1261 1123 1267 ἡ
1160 1241 1195 1278 7.
1229 1240 1440 1287 perditur:
1476 1250 1596 1286 »gaar
1625 1240 1754 1285 taht«;
1787 1239 1930 1275 malim

279 1302 413 1335 tamen
440 1298 647 1345 proditur.
693 1298 726 1334 A
750 1298 860 1334 hanc
875 1300 1016 1334 notam
1034 1297 1173 1334 habet:
1206 1298 1303 1344 quia
1322 1297 1632 1333 Walldemarus
1658 1297 1700 1332 in
1727 1297 1930 1333 feudum

279 1356 449 1392 dederat
476 1355 706 1392 Gerhardo.
753 1355 872 1391 Hane
897 1355 1203 1391 adnotationem
1236 1357 1272 1390 et
1301 1356 1463 1400 ceteras,
1497 1366 1586 1401 quoe
1618 1353 1728 1400 infra
1761 1364 1933 1389 comme-

279 1412 562 1458 morabuntur,
601 1413 642 1448 in
675 1413 708 1448 A
740 1424 869 1448 manu
903 1413 1029 1458 ipsius
1061 1411 1206 1458 Mayni
1236 1410 1417 1447 Matthiae
1448 1412 1674 1458 adscriptas
1706 1422 1788 1447 esse
1817 1412 1934 1457 putat

279 1470 490 1514 librarius,
553 1470 624 1516 qui
677 1470 719 1506 in
772 1470 905 1505 codice
950 1470 985 1506 C
1031 1480 1098 1505 eas
1145 1470 1185 1505 in
1234 1469 1327 1505 imis
1372 1469 1436 1504 sui
1481 1469 1727 1515 exemplaris
1767 1467 1933 1515 payinis

278 1527 501 1574 exscripsit.
576 1527 622 1563 In
670 1528 704 1562 B
749 1529 847 1563 nota
893 1528 950 1563 sic
995 1529 1186 1573 corrupta
1233 1529 1308 1563 est:
1355 1528 1452 1572 quia
1497 1527 1610 1562 Vald.
1657 1527 1699 1562 in
1747 1525 1932 1562 foedus

281 1585 452 1621 dederat
491 1585 695 1630 Gerardo3
738 1585 856 1631 peius
895 1584 1016 1620 etiam
1056 1585 1236 1630 corrupit
1274 1585 1327 1620 H:
1377 1584 1499 1620 Dedit
1545 1587 1679 1620 totum
1724 1584 1931 1619 Ducatum

278 1642 558 1689 Synderjutiae
597 1642 815 1678 Gerhardo
863 1642 904 1677 in
953 1642 1185 1678 favorem
1231 1640 1356 1690 (quod
1392 1652 1441 1677 eac
1481 1641 1653 1677 feudum
1695 1641 1802 1677 male
1838 1640 1934 1676 lecto

277 1702 411 1735 ortum
443 1698 525 1747 est).
568 1721 622 1725 ——
670 1699 706 1735 8.
741 1700 905 1743 exteris,
952 1700 974 1735 i.
1007 1710 1035 1735 e.
1072 1699 1267 1735 Holsatis.
1329 1698 1432 1735 Nota
1474 1699 1514 1734 in
1548 1699 1599 1734 A:
1647 1699 1670 1734 i.
1704 1709 1760 1735 e.:
1805 1698 1933 1733 duces

279 1757 481 1792 Holzatiae
518 1756 587 1805 (B:
638 1754 854 1805 Holsatiae)
895 1757 937 1792 id
977 1759 1242 1803 occuparunt
1279 1757 1301 1792 ἐι
1335 1757 1585 1794 Slesvicensi
1627 1754 1694 1804 (13:
1743 1752 1931 1802 Slesvici)

277 1814 394 1850 duce.
420 1835 475 1839 -—
501 1814 691 1860 posteris,
723 1814 805 1850 scil.
833 1814 1001 1850 nostris.
1031 1808 1042 1866 ΙΙ
1080 1815 1144 1850 17.
1170 1814 1229 1849 De
1255 1813 1313 1859 iis,
1341 1825 1430 1861 quae
1451 1813 1527 1849 hoc
1551 1824 1666 1849 versu
1691 1813 1931 1857 narrantur,

277 1871 514 1917 conferatur
545 1871 747 1907 Chronica
779 1871 957 1907 Jutensis
1000 1872 1021 1915 (
1021 1883 1060 1917 p.
1094 1871 1186 1916 452,
1222 1870 1273 1907 17
1294 1873 1417 1918 sqq.),·
1467 1871 1536 1906 sed
1575 1881 1710 1906 versus
1745 1867 1933 1916 pluribus

279 1929 373 1964 locis
419 1928 525 1964 male
569 1930 784 1974 corruptus
830 1931 897 1965 est.
958 1928 1146 1964 Primum
1190 1931 1372 1974 apparet,
1424 1929 1527 1973 17‚2
1572 1939 1649 1974 pro
1696 1929 1933 1970 euaserunt,

278 1985 387 2032 quod
417 1986 450 2021 A
482 1984 613 2031 habet,
645 1985 903 2021 scribendum
936 1996 1018 2022 esse
1048 1989 1280 2029 inerserunt,
1313 1989 1356 2022 ut
1387 1986 1467 2021 iam
1500 1985 1640 2021 Erslev
1672 1984 1791 2028 viciat,-
1834 1983 1934 2019 sedi-

279 2043 369 2078 tiosi
399 2043 458 2078 illi
473 2042 670 2088 Jutenses,
704 2054 803 2089 quos
834 2054 960 2089 supra
993 2043 1326 2087 commemoraui,
1361 2042 1531 2079 liberare
1563 2041 1751 2078 volebant
1766 2041 1932 2077 Ericum

278 2111 425 2145 reyem,
476 2099 758 2146 Christophori
785 2100 932 2146 filium,
982 2100 1052 2146 qui
1083 2099 1138 2136 ibi
1169 2101 1443 2136 incarceratus
1475 2101 1571 2144 erat,
1620 2111 1643 2135 a
1688 2098 1932 2145 quibusdam

280 2156 474 2193 militibus
510 2157 708 2193 Gerlzara'i
745 2158 902 2193 comitis
944 2158 1186 2202 custoditus;
1233 2158 1341 2203 quod
1384 2160 1517 2193 tamen
1554 2156 1600 2192 iis
1631 2167 1714 2192 non
1746 2155 1935 2201 contigui,-

279 2214 411 2260 itaque
439 2225 589 2260 parum
624 2217 724 2250 recte
757 2215 789 2250 H
833 2215 874 2250 in
914 2217 1010 2250 nota
1043 2215 1096 2250 ad
1127 2214 1238 2251 hunc
1270 2226 1447 2250 versum:
1495 2215 1599 2250 Nam
1642 2214 1791 2250 Ericus
1833 2212 1935 2248 libe-

278 2275 393 2307 ratus
442 2275 503 2307 est
549 2283 596 2307 ex
644 2282 813 2307 carcere
863 2272 1207 2309 Haderslebiano.
1285 2272 1467 2308 Ceterum
1516 2270 1778 2316 Huitfeldtius
1823 2270 1935 2306 hunc

279 2339 455 2364 errorem
489 2340 512 2364 a
545 2329 700 2376 Ma9no
734 2328 914 2365 Matthiae
953 2330 1116 2375 accepit,
1164 2330 1234 2375 qui
1277 2330 1318 2365 in
1360 2330 1548 2375 marfflne
1578 2330 1612 2364 A
1654 2327 1763 2364 lianc
1794 2329 1933 2363 notam

279 2386 332 2421 ad
364 2397 395 2421 υ.
424 2386 446 2421 [ι
480 2386 711 2432 adscripsit:
746 2387 911 2423 Scilicet
944 2387 1052 2422 inter
1083 2390 1214 2422 semet
1246 2385 1455 2434 factum(1)
1486 2386 1663 2421 liberato
1690 2385 1813 2421 Erico
1846 2384 1933 2420 filio

279 2443 421 2478 Xhori.
479 2443 633 2479 Deinde
664 2443 840 2489 offendit!
875 2444 984 2490 quod
1013 2443 1235 2479 subiectum
1270 2442 1378 2479 verbi
1408 2444 1658 2479 inuaserunt
1688 2453 1772 2478 non
1804 2441 1935 2478 nomi-

279 2502 425 2544 natum
458 2503 494 2536 et
525 2511 683 2537 versum
715 2500 750 2546 3,
785 2501 855 2547 qui
886 2502 926 2537 in
963 2497 995 2537 A
1028 2501 1084 2536 sic
1114 2500 1322 2537 scribitur:
1359 2501 1448 2536 Hoc
1480 2500 1669 2536 fecerunt
1700 2500 1796 2536 vani
1816 2498 1934 2544 Dani,

280 2558 428 2593 menda
478 2557 662 2594 laborare
707 2569 756 2594 ex
800 2558 876 2594 hoc
930 2559 1192 2604 intelleyitur,
1253 2558 1361 2604 quod
1415 2557 1633 2604 rhythmus
1686 2556 1935 2593 necessarius

280 2614 542 2651 desideratur.
610 2615 771 2661 Utrique
804 2616 898 2651 uitio
930 2615 1082 2651 mederi
1110 2615 1241 2661 possis
1274 2626 1411 2651 versus
1442 2615 1499 2651 sic
1528 2613 1759 2650 scribendo:
1796 2614 1935 2658 Quon-

280 2671 375 2707 dam
421 2672 467 2708 H.
501 2673 718 2708 castellum
755 2668 758 2721 Ι
792 2673 1042 2708 inuaserunt
1080 2683 1283 2719 prospere
1317 2670 1320 2724 Ι
1357 2673 1507 2715 Dani;
1555 2673 1651 2707 hoc
1689 2671 1936 2708 fecerunt

282 2727 469 2764 bellum
504 2725 508 2780 Ι
543 2733 667 2776 rupto
700 2730 806 2766 falso
839 2730 980 2765 federe
1011 2728 1048 2777 (i.
1080 2740 1107 2765 c.
1140 2729 1310 2775 foedere,
1344 2730 1452 2776 quod
1483 2740 1565 2764 non
1598 2739 1647 2765 ea:
1679 2740 1771 2765 vera
1803 2727 1935 2764 animi

280 2786 476 2821 sententia
504 2798 594 2822 cum
623 2787 831 2823 Gerhardo
864 2785 1067 2832 inierant).
1114 2786 1234 2822 Hauc
1264 2787 1416 2822 castelli
1448 2786 1704 2822 inuasionem
1737 2788 1774 2822 et
1803 2786 1935 2821 incen-

281 2842 435 2878 sionem
469 2844 642 2889 clericos,
690 2844 761 2890 qui
792 2844 906 2880 initio
938 2844 1127 2880 seditioni
1154 2843 1359 2889 faitel-ant,
1402 2842 1653 2889 improbasse
1683 2853 1732 2879 ex
1764 2853 1878 2878 versu
1911 2843 1934 2878 5

282 2900 486 2945 discimus,
534 2904 570 2936 el
608 2904 811 2937 auctorem
850 2902 1052 2947 planctus,
1100 2901 1170 2947 qui
1215 2903 1251 2936 et
1292 2901 1375 2946 ipse
1414 2901 1581 2936 clericus
1619 2900 1708 2946 fuit,
1758 2899 1934 2936 eiusdem

282 2957 486 2992 sententiae
529 2957 654 3003 fuisse
695 2958 964 2993 dubitandum
1012 2969 1095 2993 non
1134 2960 1211 3001 esi,·
1257 2957 1333 2993 lioc
1372 2957 1595 3002 obseruate,
1644 2958 1685 2993 in
1727 2968 1761 2993 v.
1800 2957 1822 2992 7
1858 2967 1935 3003 pro

283 3013 396 3057 viles,
434 3015 623 3057 somnes,
660 3016 768 3061 quod
800 3017 832 3051 A
862 3015 1024 3061 praebet,
1064 3014 1169 3059 vilis,
1214 3015 1381 3050 seruilis
1412 3013 1537 3063 (quod
1568 3025 1658 3050 cum
1693 3025 1785 3050 voce
1816 3014 1934 3060 plebs

287 3085 329 3101 z
354 3072 498 3106 rustici
531 3072 863 3118 coniunyendum
896 3070 968 3120 est)
997 3071 1169 3108 scribere
1200 3082 1284 3107 11011
1317 3070 1467 3108 dubito.
