2150 3584
346 1001 386 1031 10

347 1363 387 1393 15

346 1724 388 1754 20

347 2086 388 2116 25

415 215 498 256 244
758 224 1033 255 SCRIPTORES
1065 224 1292 254 msTomAE
1322 223 1499 254 DANICAE
1531 223 1730 255 MiNomzs

414 342 568 381 hostes
615 340 661 380 in
702 339 855 392 fugam
899 339 1124 380 conuertit
1163 342 1205 379 et
1243 338 1502 392 prostrauit.
1580 339 1729 379 Mirati
1763 342 1869 379 sunt
1899 351 2061 379 omnes

414 414 469 453 de
501 417 625 453 tanta
658 412 904 465 probitate,
951 415 1087 465 atque
1129 424 1206 451 rex
1245 424 1350 451 eum
1394 411 1591 451 multum
1624 411 1852 451 exaltauit.
1928 411 2060 451 Tunc

412 485 505 536 regi
544 484 721 538 aperuit
761 484 986 524 intentum
1031 497 1164 524 suum
1209 484 1264 523 de
1302 483 1447 536 ipsius
1479 483 1571 523 filia
1606 483 1878 536 optinenda,
1924 487 2060 537 atque

414 557 616 597 fauorem
666 556 810 609 ipsius
857 556 1075 609 optinuit3
1132 557 1209 596 sed
1256 557 1368 596 dum
1415 556 1473 595 ab
1520 568 1571 596 ea
1618 555 1829 596 osculum
1877 559 2059 609 peteret,

413 630 593 682 alapam
624 628 884 681 reportauit.
933 628 1084 669 Othen
1112 628 1247 680 igitur
1278 627 1445 668 rubore
1477 628 1688 681 perfusus
1720 632 1830 668 tunc
1861 628 2058 668 recessit.

414 702 499 741 Sed
533 701 739 754 sequenti
771 714 894 741 anno
928 701 1164 754 peregrina
1197 704 1319 741 veste
1351 704 1534 753 sumpta
1567 700 1773 753 facieque
1800 703 1973 740 mutata
2002 701 2059 740 ad

414 774 529 825 regis
553 774 728 813 curiam
756 773 901 826 rediit,
935 774 1174 814 Rosteruni
1211 786 1256 813 se
1288 773 1472 814 vocauit
1503 777 1638 826 atque
1673 772 1884 812 fabrilem
1917 777 2060 813 artem

413 850 477 885 est
518 845 770 898 professus,
816 846 876 885 ita
924 859 1031 886 vero
1078 845 1268 885 subtiles
1314 845 1487 885 formas
1528 849 1569 885 et
1610 845 1826 898 pulchras
1866 845 2061 885 metallis

412 918 656 971 impressit,
690 922 735 958 vt
766 922 947 971 recepto
980 931 1003 958 a
1037 929 1138 969 rege
1171 917 1325 970 magni
1357 917 1575 970 ponderis
1602 930 1715 958 auro
1744 921 2057 957 matronarum

413 995 682 1031 ornamenta
716 990 862 1031 facere
894 990 1138 1031 iuberetur.
1217 990 1358 1042 Igitur
1398 990 1541 1030 multa
1585 989 1769 1030 feminei
1809 990 1959 1030 cultus
1997 989 2060 1030 in-

413 1064 556 1115 signia
604 1063 853 1103 fabricatus
893 1063 1122 1103 armillam
1164 1066 1205 1103 et
1246 1063 1399 1115 plures
1445 1062 1644 1102 annulos
1684 1061 2061 1102 artificiosissime

413 1137 659 1189 productos
694 1136 842 1188 puelle
874 1135 1057 1188 optulit;
1104 1148 1128 1175 a
1170 1148 1259 1188 qua
1301 1148 1407 1175 cum
1448 1134 1617 1175 habere
1659 1135 1791 1175 vellet
1833 1135 2059 1186 osculum,

413 1209 661 1261 colaphum
695 1208 875 1261 recepit.
938 1207 1097 1247 Tereia
1126 1208 1222 1247 vice
1254 1208 1311 1248 ad
1344 1218 1495 1259 regem
1527 1207 1651 1248 venit
1682 1211 1817 1260 atque
1849 1207 1940 1247 iam
1974 1207 2060 1246 sub

413 1281 501 1321 alia
534 1280 648 1320 facie
681 1281 1010 1333 probissimum
1047 1280 1235 1319 militem
1271 1293 1317 1320 se
1350 1280 1536 1329 fatetur3
1583 1292 1782 1333 cumque
1821 1291 1926 1319 cum
1959 1279 2059 1319 aliis

414 1354 459 1393 in
493 1353 716 1393 tirociniis
750 1357 878 1401 esset,
926 1353 1041 1392 inter
1073 1352 1443 1405 promptissimos
1476 1352 1754 1392 insolencius
1787 1364 1833 1392 se
1864 1352 2058 1404 gerebat.

415 1427 500 1466 Sed
534 1438 617 1466 nec
649 1426 713 1465 sic
735 1425 854 1477 rigor
879 1424 1026 1477 puelle
1051 1424 1219 1464 inflecti
1246 1428 1441 1478 poterat;
1474 1437 1613 1478 quam
1640 1437 1744 1464 cum
1774 1424 2059 1464 discessurus

414 1499 569 1538 osculo
602 1502 751 1551 petere
784 1498 929 1549 vellet,
963 1497 1024 1537 ita
1057 1497 1114 1537 ab
1147 1509 1197 1537 ea
1231 1497 1477 1550 propulsus
1509 1501 1596 1549 est,
1630 1501 1674 1538 vt
1707 1500 1912 1537 mentum
1944 1501 2059 1536 terre

414 1571 697 1624 impingeret.
774 1569 859 1610 Sed
901 1569 997 1622 ipse
1035 1582 1136 1609 eam
1179 1570 1331 1609 statim
1373 1570 1539 1610 cortice
1579 1569 1862 1610 carminibus
1905 1573 2059 1609 notato

414 1648 603 1695 tangens
636 1643 852 1695 ydropice
886 1642 1082 1682 similem
1116 1642 1323 1683 reddidit.
1375 1643 1548 1693 Quarta
1572 1642 1669 1684 vice
1697 1643 1850 1682 adhuc
1881 1641 2058 1682 rediens

417 1715 606 1768 puellari
647 1718 768 1756 veste
810 1718 992 1767 sumpta
1026 1714 1206 1755 Wetam
1248 1719 1342 1754 arte
1381 1715 1608 1755 medicam
1649 1727 1695 1754 se
1734 1714 1919 1764 fatetur3
1966 1726 2060 1754 om-

415 1788 551 1827 nibus
592 1791 744 1827 autem
788 1786 1078 1827 credentibus
1125 1799 1228 1827 eum
1277 1800 1374 1827 esse
1422 1787 1660 1827 mulierem
1707 1787 1894 1827 intrauit
1933 1786 2060 1826 obse-

416 1860 574 1912 quium
608 1859 760 1910 regine
793 1859 1029 1912 sactusque
1062 1864 1126 1899 est
1160 1859 1324 1899 ancilla
1359 1860 1530 1912 puelle.
1565 1860 1721 1900 Puella
1752 1863 1905 1900 autem
1937 1857 2060 1898 infir-

416 1937 551 1983 mata,
599 1931 772 1983 Othen,
819 1932 950 1984 quasi
998 1931 1174 1971 medica
1222 1932 1523 1985 inuestigans,
1570 1933 1680 1986 quid
1728 1932 1814 1973 sibi
1856 1930 2059 1987 remedio

415 2008 566 2057 posset
585 2017 695 2054 esse,
728 2005 921 2056 pocione
948 2008 1041 2044 tam
1070 2004 1171 2044 forti
1192 2005 1411 2045 vtendum
1440 2018 1537 2045 esse
1554 2004 1680 2056 dixit,
1712 2008 1771 2053 vt,
1796 2003 1882 2044 nisi
1907 2003 2057 2057 puella

415 2077 651 2128 ligaretur,
699 2077 826 2116 nullo
870 2078 1007 2116 niodo
1046 2077 1139 2117 vim
1182 2076 1278 2116 cius
1311 2077 1573 2128 sustineret;
1620 2089 1711 2131 quo
1743 2077 1901 2117 audito
1932 2079 2059 2129 pater

415 2148 517 2188 fecit
549 2161 649 2188 eam
682 2149 728 2188 in
762 2149 877 2189 lecto
911 2149 1040 2201 ligari
1072 2161 1125 2189 ac
1156 2148 1287 2188 iussit
1320 2162 1418 2189 eam
1449 2153 1655 2202 paratam
1682 2162 1779 2190 esse
1806 2149 1863 2189 ad
1888 2148 2058 2199 omnia,

415 2234 501 2274 que
535 2221 711 2261 medica
743 2221 909 2261 inferre
942 2221 1086 2262 vellet.
1135 2221 1207 2261 Sic
1232 2221 1367 2272 igitur
1391 2221 1632 2262 occasione
1659 2221 1813 2262 habita
1837 2221 2056 2273 virginem

414 2294 615 2346 corrupit
648 2297 688 2333 et
720 2293 959 2345 grauidam
992 2293 1186 2348 reliquit.

502 2410 534 2445 3.
568 2411 762 2456 apperuit
794 2411 906 2446 VAS.
998 2411 1032 2447 4.
1065 2421 1160 2446 cum
1193 2411 1270 2447 AS.
1352 2411 1387 2447 5.
1422 2412 1637 2458 reparauit
1669 2412 1713 2447 V.
1774 2421 1872 2457 ergo
1905 2411 2059 2447 robore

415 2467 478 2502 AS
510 2467 613 2511 (rob.
646 2468 705 2511 V).
774 2469 808 2504 7.
843 2478 997 2503 vocans
1029 2468 1106 2504 As.
1171 2468 1231 2504 10.
1264 2468 1490 2504 iubebatur
1520 2469 1597 2504 AS.
1662 2469 1723 2504 11.
1758 2469 1850 2504 auri
1882 2479 1985 2504 arm.
2019 2467 2058 2504 S.

418 2525 479 2559 12.
514 2525 666 2570 optulit
708 2526 773 2569 (At
820 2525 972 2570 attulit)
1013 2525 1150 2571 puelle
1182 2525 1259 2561 AS.
1355 2526 1416 2562 15.
1448 2526 1665 2572 tyrociniis
1706 2527 1800 2570 (om.
1832 2526 1889 2570 in)
1922 2525 1969 2570 S;
2015 2525 2057 2560 in

416 2582 647 2626 tyrocinnis
672 2593 762 2617 esse
786 2584 829 2617 Α.
898 2593 942 2617 se
968 2583 1137 2628 gerebat
1167 2582 1299 2627 codd.;
1331 2582 1578 2629 obequitare
1610 2583 1771 2619 solebat
1802 2581 1913 2620 Saxo
1945 2581 2056 2628 (fort.

413 2637 540 2674 set-bd.
566 2639 815 2675 insolentius
842 2640 1078 2685 equitabat).
1141 2642 1291 2686 promt.
1313 2639 1352 2675 S.
1418 2641 1581 2677 16—17.
1610 2640 1852 2676 dicessurus
1876 2640 2001 2676 oculo
2020 2639 2058 2676 S.

420 2697 477 2730 18.
512 2696 747 2741 cordiceA3
780 2697 924 2732 codice
950 2707 981 2732 c.
1010 2699 1156 2732 vocato
1169 2695 1207 2745 (ἔ)
1233 2696 1271 2734 S.
1337 2698 1398 2735 19.
1432 2697 1634 2744 ydropice
1659 2697 1792 2741 codd.;
1823 2697 2056 2744 lymphanti

414 2753 531 2787 Suro.
622 2753 757 2788 reddit
788 2754 923 2797 codd,-
964 2764 1066 2790 σοι-Γ.
1100 2764 1149 2789 ea:
1179 2753 1350 2791 Saxone.
1442 2755 1506 2791 20.
1539 2757 1687 2791 wetam
1721 2755 1754 2790 V
1793 2756 1956 2799 (wetani
1989 2755 2060 2789 aut

417 2820 569 2844 wecam
620 2811 667 2851 D)
721 2814 808 2846 arto
855 2811 1059 2846 medicam
1108 2811 1200 2857 VD,
1262 2812 1437 2857 peritam
1486 2813 1527 2847 in
1575 2815 1662 2847 arte
1709 2811 1947 2847 medicinali
1992 2810 2057 2846 As

415 2866 607 2911 (Vm-bani
649 2870 735 2902 arte
779 2868 982 2903 medicam
1014 2867 1149 2913 Saxo).
1239 2869 1302 2905 22.
1336 2868 1511 2915 factusq;
1550 2871 1611 2904 est
1642 2870 1695 2913 Α;
1742 2868 1875 2904 sactus
1916 2871 1978 2904 est
2009 2867 2058 2912 83

416 2923 654 2969 factumque
684 2924 838 2970 (felium
871 2925 952 2961 DV.
1022 2936 1110 2960 ane.
1142 2925 1278 2971 puella
1306 2927 1349 2961 V.
1411 2926 1578 2962 23-‘24
1613 2926 1690 2961 sibi
1724 2936 1802 2972 pro
1834 2936 1934 2962 rem.
1967 2935 2058 2961 esse

418 2983 568 3024 posset,
615 2991 703 3026 poc.
735 2981 902 3016 tandem
938 2984 1019 3017 tam
1053 2982 1077 3018 f.
1109 2982 1185 3018 As.
1265 2983 1430 3019 24—25.
1464 2983 1661 3019 vtendum
1695 2993 1786 3018 esse
1818 2983 1907 3018 eius
1938 2982 2059 3018 susti-

416 3038 532 3073 neret
579 3036 626 3081 S,
672 3037 814 3072 mediis
860 3038 1037 3083 0111iss1's;
1094 3039 1293 3075 Vtendum
1343 3040 1423 3075 sibi
1469 3043 1599 3085 esset,
1643 3039 1757 3086 quod
1804 3041 1869 3076 vix
1916 3041 2058 3086 posset

415 3093 622 3129 sustinere
661 3095 703 3130 Α.
795 3095 858 3130 26.
902 3094 998 3130 fecit
1043 3105 1133 3130 eam
1181 3095 1299 3141 ligari
1346 3097 1390 3134 in
1437 3096 1543 3133 lecto
1590 3107 1639 3133 ac
1683 3097 1840 3133 iussam
1887 3106 1978 3132 esse
2016 3106 2054 3142 p.

415 3159 504 3184 esse
539 3150 582 3185 D.
644 3150 708 3186 27.
741 3151 895 3187 inferre
930 3152 1055 3196 DVA3
1088 3152 1287 3189 miserere
1320 3152 1386 3199 8¹3
1419 3154 1594 3190 miscere
1627 3151 1685 3190 8².
