2150 3584
562 206 856 236 COMPENDIVM
891 207 1090 238 SAonIS.
1140 210 1222 239 Lm.
1257 209 1329 239 xv1
1688 199 1767 240 437

207 321 261 363 ΙΙ.
311 322 419 362 Post
450 322 535 362 hec
562 321 699 363 Cesar
725 322 848 363 misit
868 323 1049 365 Kanuto
1082 324 1321 375 nuncium,
1354 329 1399 365 vt
1430 326 1485 365 ad
1521 338 1567 366 se
1600 326 1772 366 veniret

119 407 200 448 pro
247 393 471 447 amicicia,
518 406 657 447 quam
706 406 810 434 cum
860 398 986 447 patre
1029 395 1266 446 habuerat,
1313 397 1602 447 renouanda3
1650 383 1771 450 (qui)

117 466 362 506 aduertens
394 466 601 506 fraudem
629 466 807 507 Cesaris
839 467 1075 507 excusauit
1109 481 1155 508 se
1188 472 1371 521 propter
1403 481 1566 509 causas
1599 469 1683 509 sibi
1718 483 1772 510 ex

118 538 320 579 nouitate
358 538 482 590 regni
516 538 848 580 incumbentes.
913 539 996 580 Cui
1036 552 1141 580 cum
1176 539 1314 580 Cesar
1352 541 1508 581 iterato
1542 541 1770 593 scriberet,

117 611 240 665 quod
274 610 358 651 sibi
392 621 582 663 regnum
609 611 806 652 auferret
831 616 872 652 et
897 612 1023 652 alteri
1050 612 1190 663 daret,
1224 625 1303 665 per
1327 612 1496 654 litteras
1522 614 1770 667 respondit,

117 667 198 736 (ei)
223 681 482 733 consulens,
511 683 632 735 quod
658 695 750 722 non
776 683 903 736 prius
928 684 1062 723 alicui
1084 683 1274 724 Daciam
1304 685 1443 736 daret,
1470 698 1609 738 quam
1639 672 1771 739 (ipse)

117 754 352 808 optineret.
415 755 547 794 Tunc
580 755 717 796 Cesar
750 755 873 796 misit
905 757 962 796 ad
995 769 1099 796 eum
1135 755 1381 808 Sigfridum
1416 757 1645 808 comitem,
1693 759 1770 812 qui

116 827 315 868 habebat
362 839 564 867 sororem
615 827 731 879 eius,
790 828 827 868 si
873 828 1029 869 forsan
1077 832 1262 881 propter
1309 842 1440 869 suam
1489 830 1770 881 legacionem

115 899 270 941 venire
311 899 462 949 vellet3
510 899 589 953 qui
627 900 816 941 veniens
858 900 904 941 in
946 900 1151 953 Daciam,
1198 901 1486 954 presentibus
1526 903 1771 954 Absolone,

117 971 302 1012 Sunone
349 975 391 1012 et
434 972 653 1023 Esberno,
701 973 793 1025 regi
840 974 1086 1026 persuasit,
1133 977 1356 1027 quantum
1408 974 1574 1026 potuit,
1623 979 1667 1015 vt
1713 976 1769 1015 ad

117 1044 329 1085 Cesarem
362 1044 550 1096 veniret,
583 1046 870 1098 pretendens,
908 1050 1133 1098 quantum
1165 1056 1316 1097 regem
1350 1045 1554 1098 diligeret
1587 1051 1772 1101 propter

116 1128 320 1158 sororem
355 1130 509 1167 suam3
555 1118 825 1172 rogauitque
858 1122 1104 1171 presentes,
1146 1122 1192 1158 vt
1225 1118 1433 1158 similiter
1465 1119 1555 1171 regi
1589 1133 1771 1172 persua-

115 1189 285 1230 derent.
364 1189 615 1243 Respondit
661 1191 888 1241 Absolon,
950 1204 996 1231 se
1043 1190 1151 1231 huic
1197 1190 1389 1232 libenter
1435 1193 1770 1242 consulturum,

116 1262 237 1314 quod
272 1262 358 1302 sibi
391 1263 607 1315 prodesse
645 1267 811 1316 posset,
858 1276 951 1303 non
992 1267 1145 1304 autem
1186 1263 1308 1304 viam
1350 1265 1406 1304 ad
1442 1264 1669 1317 Cesarem,
1718 1278 1770 1305 60

114 1334 238 1388 quod
286 1338 413 1388 pater
459 1334 556 1375 eius
604 1336 807 1388 pulchris
858 1335 1246 1388 promissionibus
1300 1336 1508 1377 similiter
1552 1337 1770 1390 deceptus

114 1406 293 1461 fuisset3
350 1406 596 1459 Sigfridum
645 1408 788 1448 eciam
838 1421 972 1449 nosse
1019 1408 1205 1459 debere,
1262 1420 1412 1461 regem
1468 1410 1582 1449 adeo
1630 1409 1770 1450 libere

115 1479 284 1520 habere
317 1479 523 1531 Daciam,
570 1483 617 1520 vt
650 1480 786 1521 Cesar
818 1480 1002 1520 haberet
1035 1480 1297 1533 imperium,
1344 1493 1428 1521 nec
1465 1467 1595 1534 <esse>
1633 1481 1770 1522 alicui

115 1553 170 1593 ad
205 1552 480 1606 obsequium
513 1552 779 1605 obligatum.
844 1552 1052 1606 Cumque
1086 1552 1309 1605 Sigfridus
1349 1554 1406 1593 ad
1446 1554 1534 1594 hoc
1575 1554 1769 1607 superbe

115 1628 156 1665 61
194 1637 299 1665 cum
341 1624 477 1665 minis
510 1625 834 1678 respondisset,
882 1625 944 1665 ait
974 1625 1197 1666 Absolon:
1251 1625 1434 1666 »Credis
1465 1629 1527 1678 tu,
1577 1626 1767 1666 Daciam

115 1701 208 1737 tam
238 1697 430 1738 faciliter
454 1710 533 1751 per
551 1698 762 1738 Cesarem
790 1697 1130 1750 subiugandam
1156 1699 1552 1752 quemadmodum
1574 1698 1769 1739 Thurin-

115 1769 250 1821 giam,
288 1773 457 1810 terram
489 1772 647 1810 tuam‘?
707 1771 833 1811 Vade
865 1774 905 1811 et
938 1770 1011 1810 dic
1044 1770 1198 1811 Cesari
1229 1774 1322 1823 tuo,
1363 1771 1487 1824 quod
1520 1784 1598 1811 rex
1630 1771 1770 1811 Dacie

115 1854 199 1882 nec
231 1841 277 1882 in
310 1841 504 1882 minimo
538 1842 623 1883 sibi
657 1843 932 1898 obsequium
966 1842 1225 1896 prestabit«
1292 1842 1392 1883 Hiis
1431 1843 1600 1883 auditis
1633 1843 1771 1884 Cesar

117 1914 348 1967 spernenti
381 1927 427 1955 se
459 1914 564 1967 regi,
599 1916 707 1969 quia
740 1915 912 1956 bellum
946 1928 1039 1956 non
1073 1915 1233 1968 potuit,
1267 1915 1425 1956 odium
1459 1915 1624 1957 iniecit.

203 1986 279 2027 III.
328 1987 523 2027 Vocauit
553 1987 706 2041 itaque
741 1988 1058 2040 Bugizlauum‚
1091 1987 1346 2041 principem
1374 1988 1539 2040 Slauie,
1572 2001 1769 2041 eumque

116 2058 272 2100 multis
324 2059 595 2100 muneribus
653 2072 707 2100 ac
752 2060 1140 2113 promissionibus
1189 2061 1422 2109 sollicitat,
1485 2064 1529 2101 vt
1577 2060 1768 2101 Daciam

114 2130 306 2172 infestet.
355 2132 410 2172 At
441 2131 515 2172 ille
545 2131 699 2173 Cesari
732 2132 1045 2185 consenciens,
1078 2133 1185 2188 quia
1214 2138 1367 2186 aperte
1391 2137 1549 2174 contra
1578 2132 1768 2173 Daciam

116 2203 285 2244 bellare
325 2216 419 2244 non
460 2204 672 2255 audebat,
720 2206 1007 2245 auunculum
1051 2205 1289 2258 proprium
1322 2206 1603 2255 Jarmarum,
1651 2204 1771 2258 prin-

116 2275 264 2329 cipem
299 2276 453 2329 Rugie,
492 2276 749 2317 subiectum
785 2277 941 2329 Danis,
974 2277 1194 2317 inuadere
1226 2277 1513 2331 disponebat.
1578 2277 1771 2329 Congre-

117 2351 218 2400 gata
264 2348 401 2400 igitur
446 2349 590 2389 classe
631 2349 987 2402 quingentarum
1029 2349 1236 2401 nauium,
1285 2349 1407 2390 misit
1446 2349 1668 2390 nuncium
1713 2350 1770 2389 ad

118 2419 346 2473 Cesarem,
393 2421 626 2472 intimans,
675 2434 720 2462 se
761 2421 930 2462 habere
970 2426 1147 2462 tantum
1190 2421 1453 2473 exercitum,
1501 2425 1547 2461 vt
1579 2421 1769 2462 Daciam

117 2503 277 2545 cogere
321 2497 475 2546 posset
513 2494 570 2533 ad
613 2494 887 2547 obsequium
931 2494 1084 2535 Cesari
1127 2493 1439 2534 deferendum.
1502 2494 1528 2543 †
1561 2494 1771 2534 Kanutus

119 2569 296 2617 autem,
357 2565 612 2618 intelligens
673 2569 851 2606 tantum
913 2566 1085 2606 bellum
1147 2564 1234 2606 sibi
1295 2565 1556 2617 imminere,
1619 2566 1770 2606 statim

118 2637 340 2678 Absoloni
379 2638 636 2691 periculum
673 2638 925 2688 intimauit;
973 2638 1051 2691 qui
1093 2641 1363 2689 congregata
1403 2649 1570 2689 magna
1613 2638 1770 2689 classe,

205 2778 240 2815 2.
267 2778 340 2824 qui
368 2778 508 2814 addidi
531 2779 825 2814 sententiarum
850 2778 1152 2824 iungendarum
1171 2788 1305 2813 causa.
1354 2778 1388 2813 6.
1407 2777 1444 2813 ei
1461 2779 1601 2824 etipse
1621 2777 1771 2813 addidi.

123 2835 184 2871 10.
220 2835 388 2871 Sunone
420 2835 548 2881 Saae03
586 2837 832 2880 su(w)enone
865 2835 975 2878 MS).
1040 2836 1104 2874 13,
1140 2835 1239 2870 huic
1270 2834 1431 2880 scripsi,
1466 2835 1546 2870 hoc
1577 2835 1628 2873 A:
1663 2845 1770 2880 resp.

125 2891 302 2928 absolon
334 2892 513 2929 libenter
545 2892 623 2929 sibi
657 2892 948 2928 consulturum
983 2891 1023 2927 S.
1091 2893 1149 2927 15.
1184 2895 1302 2938 pater
1334 2903 1436 2927 suus
1469 2891 1508 2927 S.
1572 2893 1633 2927 16.
1666 2892 1770 2927 adeo

118 2947 156 2985 11.
187 2948 418 2996 1.=aeque.
482 2950 542 2986 17.
569 2949 788 2992 habetAS,
821 2950 987 2985 correxi.
1064 2960 1154 2985 esse
1179 2948 1254 2993 (ff)
1280 2949 1430 2984 addidi.
1496 2949 1556 2984 19.
1585 2949 1709 2984 nimis
1732 2948 1770 2984 S.

120 3005 187 3042 21.
234 3009 307 3043 tuo
354 3007 487 3043 cesari
537 3006 575 3043 S.
666 3008 717 3043 24
752 3007 928 3051 (438‚1).
975 3005 1267 3052 bugirslauum
1312 3006 1357 3042 Α.
1451 3006 1513 3042 29.
1555 3005 1680 3051 igitur
1719 3005 1771 3049 Ᾱ;

123 3061 265 3109 itaque
292 3063 331 3100 S.
394 3064 457 3100 31.
490 3064 681 3099 Kanutus
714 3064 847 3108 codd.;
879 3063 947 3099 sed
977 3062 1235 3099 scribendum
1268 3065 1354 3098 erat
1375 3062 1594 3098 Jarmarus
1626 3061 1772 3108 (Saxo).

193 3143 295 3173 script.
316 3144 382 3168 hist.
403 3144 474 3167 Dan.
495 3144 631 3167 minores.
1521 3130 1563 3161 29

1800 985 1839 1015 10

1799 1346 1839 1376 15

1796 1708 1838 1738 20

1795 2070 1837 2101 25

1797 2432 1838 2464 30
