2150 3584
341 1021 381 1052 10

343 1385 384 1415 15

347 2112 388 2142 25

403 240 484 280 236
740 248 1015 278 SCRIPTORES
1047 248 1274 277 HISTORIAE
1306 248 1483 276 DANICAE
1515 248 1714 278 MINORES

402 378 490 419 que
535 364 651 404 inter
690 363 849 416 epulas
888 362 1243 415 interrogaretur
1279 375 1305 403 a
1338 362 1717 416 conuiuantibus,
1764 364 1888 417 quod
1928 364 2048 405 forti-

403 436 575 477 tudinis
606 447 749 487 genus
776 435 934 476 ceteris
959 435 1213 485 anteferret,
1247 434 1531 488 pacienciam
1558 434 1829 477 nominauit.
1879 436 2045 477 Iterum

403 509 573 549 Atislus
605 508 663 548 ab
696 507 1110 559 eisvinterrogatUS,
1148 507 1258 561 quid
1292 506 1388 560 ipse
1420 507 1566 559 magis
1597 507 1814 560 diligeret,
1857 508 2050 549 liberali-

404 585 540 621 tatem
589 579 837 633 respondit.
928 579 1115 620 Iubetur
1160 579 1296 631 igitur
1328 579 1475 620 Roluo
1522 579 1671 633 primo
1718 580 1855 621 fidem
1903 581 2050 621 facere

406 654 537 694 dictis
570 653 677 693 suis.
755 652 964 707 Cumque
996 651 1087 704 igni
1120 651 1440 705 applicaretur,
1485 651 1684 705 clipeum
1718 652 1883 694 obiecit
1914 666 1968 694 ex
1999 666 2047 693 ea

406 730 554 779 parte,
601 739 691 780 qua
730 724 881 765 acrius
922 725 1184 777 Vrgebatur‚
1230 724 1425 765 alterum
1465 737 1572 765 vero
1613 724 1732 765 latus
1763 725 2051 778 proteccione

405 811 603 839 vacuum
637 798 732 838 sola
766 797 1000 850 paciencia
1033 796 1256 847 firmauit3
1289 810 1426 850 quem
1459 796 1745 852 pedissequa,
1791 811 1879 851 que
1911 810 2052 851 prope

406 871 558 911 focum
607 869 799 922 astabat,
845 869 1006 910 videns
1052 868 1346 910 intollerabili
1392 873 1622 910 costarum
1670 870 1833 910 ardore
1878 870 2052 921 torreri,

407 946 605 984 extracta
638 943 693 984 de
724 942 848 983 dolio
881 942 1115 995 clepsedra
1147 954 1201 982 ac
1231 942 1376 983 effuso
1409 942 1603 983 humore
1635 942 1728 983 vim
1757 942 2050 983 flammarum

409 1015 589 1069 sopiuit.
654 1016 859 1056 Laudata
891 1017 958 1055 est
988 1013 1123 1066 igitur
1154 1013 1389 1067 paciencia
1422 1014 1657 1055 Roluonis.
1720 1014 1895 1056 Deinde
1926 1028 2054 1068 expe—

408 1092 566 1128 tuntur
597 1087 789 1129 donaria
821 1086 970 1137 Atisli;
1014 1086 1092 1141 qui
1125 1086 1294 1127 multas
1326 1099 1436 1140 opes
1469 1086 1667 1128 Roluoni
1699 1087 1836 1140 dedit,
1868 1087 2055 1140 insuper

410 1165 450 1200 et
474 1164 684 1215 torquem
708 1159 903 1212 ingentis
922 1158 1138 1213 ponderis
1156 1158 1201 1199 in
1219 1163 1542 1212 argumentum
1564 1159 1886 1201 munificencie
1903 1172 2055 1213 super-

410 1233 524 1274 iecit.
586 1232 746 1274 Tereia
788 1236 940 1273 autern
974 1231 1177 1285 conuiuij
1211 1231 1283 1273 die
1314 1231 1449 1284 regiis
1480 1232 1647 1286 opibus
1679 1245 1816 1286 super
1845 1231 2055 1273 vehicula

411 1305 570 1359 positis
618 1305 764 1345 filium
805 1305 862 1345 ad
904 1304 1098 1358 patriam
1138 1305 1405 1345 redeuntem
1438 1304 1552 1345 Vrsa
1585 1308 1812 1346 nocturno
1850 1308 2056 1358 tempore

412 1378 699 1431 sequebatur.
765 1378 973 1432 Cumque
1005 1376 1090 1418 viri
1122 1377 1404 1431 insequentis
1433 1377 1664 1418 maliciam
1699 1380 1930 1430 metueret,
1963 1390 2057 1431 pre-

411 1451 528 1504 cepit
567 1450 724 1502 sociis,
770 1453 817 1490 vt
855 1449 1100 1503 pecuniam
1140 1449 1393 1502 abicerent,
1434 1449 1591 1491 dicens
1630 1451 1751 1491 hanc
1782 1450 1928 1491 solam
1961 1463 2058 1491 esse

413 1523 534 1564 viam
568 1522 809 1574 euadendi,
842 1535 926 1562 nec
957 1533 1178 1574 magnum
1212 1535 1322 1575 esse,
1363 1522 1399 1563 si
1433 1521 1600 1564 Swecis
1632 1522 1816 1576 propria
1849 1522 2058 1572 eicerent,

412 1599 457 1637 vt
495 1595 580 1649 ipsi
618 1595 759 1637 libere
797 1598 1065 1636 remearent.
1143 1595 1394 1649 Insequens
1433 1595 1569 1647 igitur
1599 1595 1769 1636 Atislus
1801 1608 1907 1636 cum
1951 1594 2059 1647 suis,

412 1668 524 1709 dum
569 1672 777 1722 torquem
818 1680 1031 1716 aureum,
1079 1680 1218 1722 quem
1252 1667 1450 1709 Roluoni
1490 1668 1696 1720 dederat,
1742 1667 1913 1709 videret
1944 1667 2060 1709 inter

346 1749 363 1778 2
414 1740 501 1781 alia
534 1740 633 1781 auri
667 1740 863 1793 insignia
894 1740 1118 1793 relictum,
1164 1743 1211 1780 vt
1254 1753 1358 1781 eum
1392 1741 1447 1781 de
1479 1744 1596 1781 terra
1629 1739 1866 1794 exciperet,
1912 1739 2062 1780 affixis

415 1814 558 1854 humo
591 1813 784 1865 genibus
816 1826 863 1854 se
896 1813 1127 1863 curuauit3
1175 1826 1312 1867 quem
1358 1826 1465 1854 cum
1500 1813 1646 1854 Roluo
1685 1812 1750 1854 sic
1781 1815 2059 1866 prostratum

415 1898 570 1926 coram
603 1899 716 1927 auro
749 1885 933 1938 videret,
964 1885 1134 1937 derisit,
1167 1898 1220 1926 ac
1251 1899 1419 1927 nauem
1451 1887 1705 1927 ascendens
1737 1898 1844 1926 cum
1877 1884 1972 1925 suis
2004 1885 2059 1924 ad

415 1958 609 2011 patriam
643 1962 709 1999 est
739 1971 965 1999 reuersus.

502 2031 597 2072 VII.
662 2031 770 2071 Erat
809 2034 963 2072 autem
997 2031 1145 2072 Roluo
1183 2033 1307 2072 tante
1345 2030 1650 2083 liberalitatis,
1697 2034 1742 2071 vt
1773 2030 1830 2071 ad
1863 2030 2061 2084 primam

418 2102 689 2155 peticionem
724 2116 903 2157 semper
934 2103 1165 2154 tribueret,
1211 2116 1296 2144 nec
1334 2116 1553 2158 vmquam
1593 2103 1844 2144 secundam
1884 2114 2063 2154 exspec-

418 2178 545 2225 taret3
593 2179 777 2229 propter
823 2177 946 2229 quod
994 2176 1034 2217 ei
1080 2175 1260 2217 adhesit
1305 2175 1511 2229 pugilum
1560 2174 1761 2216 maxima
1802 2174 2061 2216 multitudo.

418 2247 593 2288 Accidit
635 2262 688 2289 eo
734 2252 959 2302 tempore,
1007 2253 1052 2289 vt
1089 2248 1279 2303 quidam
1322 2249 1549 2301 Agnerus,
1595 2260 1800 2289 sororem
1841 2246 2064 2288 Roluonis

422 2322 584 2361 Rutam
617 2322 840 2362 ducturus
871 2334 1080 2373 vxorem,
1128 2332 1295 2374 magno
1335 2320 1554 2362 conuiuio
1586 2319 1779 2374 nupcias
1810 2318 2064 2368 ordinaret,

509 2477 539 2513 1.
581 2477 681 2522 quid
726 2477 803 2514 AS.
896 2478 930 2514 2.
968 2477 1153 2514 auferret
1195 2475 1293 2526 (pro
1331 2474 1428 2526 afif.)
1463 2476 1576 2513 VAS.
1666 2476 1701 2512 3.
1743 2475 1977 2512 libertatem
2017 2474 2062 2512 V.

422 2535 457 2571 5.
492 2533 615 2580 igitur
645 2532 740 2582 (pro
772 2532 871 2583 igni)
901 2535 945 2571 A.
1028 2535 1240 2582 clippeum
1275 2534 1309 2570 D
1339 2532 1391 2583 (et
1419 2533 1476 2570 sic
1506 2533 1653 2580 saepius
1683 2533 1808 2579 codd„
1852 2543 1936 2568 non
1970 2541 2065 2568 raro

420 2592 539 2626 eliam
569 2591 783 2638 clypeum3
815 2602 886 2638 eqo
917 2602 1077 2639 semper
1097 2592 1280 2639 clipeum
1312 2589 1515 2640 scribam).
1585 2590 1736 2628 abiecit
1753 2590 1796 2627 A.
1857 2591 1893 2626 8.
1924 2589 2063 2625 locum

422 2648 496 2683 AS.
567 2652 777 2684 castarum
810 2648 861 2690 A;
894 2649 973 2685 vid.
1005 2647 1197 2698 costos(!)
1227 2648 1405 2685 intoller.
1433 2648 1473 2687 S.
1536 2649 1572 2685 9.
1606 2647 1825 2695 clapsedra
1857 2657 1906 2683 ac
1937 2645 2066 2682 effuse

423 2706 612 2741 humoris
629 2703 669 2754 (ἔ)
701 2706 728 2741 S
758 2704 1004 2754 (clepsedra,
1046 2706 1069 2742 i.
1103 2717 1131 2743 e.
1164 2705 1358 2751 ducillus,
1387 2706 1535 2752 Spuns,
1568 2703 1700 2753 Prop).
1779 2705 1840 2741 12.
1872 2712 2066 2750 augmen-

422 2765 507 2797 tum
536 2762 566 2797 A
599 2763 721 2807 (Saxo
732 2764 782 2808 ?);
815 2762 933 2800 verba
957 2764 1143 2809 (12—13)
1170 2764 1210 2799 in
1235 2765 1528 2810 argumentum
1548 2793 1554 2798 .
1574 2792 1579 2799 .
1598 2762 1751 2809 opibus
1776 2772 1904 2808 super
1926 2771 2003 2797 om.
2026 2759 2064 2796 S.

429 2820 485 2855 13.
511 2820 617 2866 regis
636 2820 680 2856 V.
742 2820 935 2856 behicula
955 2820 995 2858 S.
1062 2820 1225 2857 13-14.
1256 2819 1490 2856 vehiculam
1519 2830 1606 2867 pos
1637 2817 1751 2867 (fort.
1771 2829 1849 2865 pro
1874 2816 2064 2854 vehicula

423 2875 586 2924 impos.)
617 2877 660 2912 A.
724 2878 785 2913 15.
818 2878 905 2914 veri
937 2878 982 2914 V.
1049 2878 1243 2914 metuerit
1273 2879 1316 2914 A.
1378 2877 1586 2924 preceptis
1618 2876 1695 2912 AS.
1765 2876 1827 2912 17.
1862 2875 2068 2911 reicercnt

426 2933 463 2969 S.
530 2934 589 2969 18.
621 2938 887 2970 remanerent
917 2936 960 2971 A.
1027 2936 1085 2971 19.
1119 2946 1303 2980 auream,
1337 2945 1463 2981 quam
1497 2934 1543 2971 D.
1615 2933 1785 2970 dederat
1819 2931 1986 2969 roluoni
2018 2930 2063 2969 V.

427 2991 489 3026 20.
522 2991 612 3026 auri
645 3001 722 3027 om.
754 2991 797 3028 A.
870 2992 1085 3038 reciperet,
1117 2991 1249 3028 affixit
1279 2992 1355 3028 AS.
1424 2991 1486 3029 22.
1519 2991 1677 3027 videret
1709 3001 1851 3026 coram
1884 2999 1989 3024 auro
2020 2987 2065 3024 A.

428 3047 567 3082 nanim
600 3047 643 3083 A.
708 3058 802 3083 eum
837 3049 962 3085 sociis
1009 3049 1047 3085 S.
1110 3049 1174 3085 24.
1206 3048 1411 3085 libertatis
1443 3048 1483 3084 S.
1544 3048 1608 3084 25.
1640 3044 1926 3096 ex(s)pectauit
1955 3044 2066 3081 codd.

428 3105 490 3139 26.
525 3104 726 3151 pugillum
761 3105 826 3141 VS
856 3104 908 3154 (el
936 3105 993 3141 sic
1022 3103 1194 3154 soepius).
1256 3106 1319 3142 28.
1352 3106 1520 3142 rutham
1554 3105 1593 3141 S.
1664 3103 1878 3140 ordinauit
1909 3102 1986 3139 DS.
