2150 3584
311 998 353 1029 10

309 1363 350 1394 15

308 1728 351 1759 20

305 2094 349 2124 25

305 2458 348 2489 30

382 211 465 253 404
722 224 997 254 semproasss
1030 225 1257 255 msrompf:
1292 225 1468 255 DANmAE
1499 226 1698 256 MINORES

383 338 446 378 eis
492 339 648 379 ludere
694 340 751 379 ad
798 339 992 380 taxillos.
1084 340 1263 381 Noricis
1319 352 1424 393 ergo
1478 341 1693 383 ebrietate
1746 346 1789 383 et
1834 356 2030 398 sompno

382 410 595 463 grauatis,
630 412 790 452 Ericus
823 424 928 452 cum
961 425 1100 454 vxore
1133 417 1175 454 et
1205 413 1300 454 filio
1333 425 1387 454 ac
1418 414 1639 467 clientela,
1682 428 1822 469 quam
1855 417 2030 470 habuit,

382 496 507 523 mare
553 483 685 535 adiit,
745 489 1038 540 repertasque
1090 499 1232 527 naues
1279 486 1586 527 foraminibus
1632 487 1877 529 debilitans
1924 502 2030 530 cum

382 556 748 597 Lalandensihus
778 557 993 598 ‘festinato
1025 558 1221 599 recessit.
1285 558 1494 613 Cumque
1531 560 1740 614 sequenti
1771 560 1844 601 die
1876 561 2031 603 Norici

381 627 458 668 diu
506 629 564 668 ad
610 629 815 670 hostium
863 630 983 671 Erici
1031 631 1309 684 pulsassent,
1370 644 1454 672 nec
1507 631 1674 686 aliquis
1719 634 2029 687 responderet,

379 703 521 742 fracto
575 701 726 743 hostio
777 702 1056 744 inuenerunt
1110 716 1215 744 eum
1270 703 1521 756 aufugisse;
1583 706 1708 759 quod
1769 718 1872 746 cum
1936 707 2030 759 regi

380 773 689 825 nunciassent,
735 775 881 828 iussit,
927 780 974 817 vt
1015 775 1103 816 cito
1137 789 1242 816 eum
1274 775 1635 830 insequerentur.
1696 778 1940 819 Venientes
1971 780 2030 820 ad

379 859 536 898 naues,
583 847 695 887 dum
735 860 810 888 eas
849 849 967 889 lesas
1005 848 1293 902 reperissent,
1340 849 1387 889 in
1424 851 1683 903 reparando
1716 855 1898 905 tempus
1929 865 2030 905 pro-

378 923 631 969 traxerunt,
692 919 875 961 interim
922 921 1084 962 Ericus
1130 925 1310 962 tantum
1357 927 1653 976 precesserat,
1711 924 1860 977 quod,
1916 925 2028 965 dum

381 991 534 1032 Norici
574 992 678 1033 totis
717 993 892 1034 viribus
931 993 1295 1048 insequerentur,
1334 994 1488 1048 ipsum
1527 995 1746 1048 attingere
1782 1009 1876 1037 non
1907 1001 2029 1050 pote-

377 1068 492 1117 rant,
526 1065 604 1105 sed
636 1065 749 1106 fatui
781 1067 839 1106 ad
871 1066 1054 1120 propria
1088 1066 1333 1108 redierunt.
1389 1067 1588 1108 Veniens
1619 1067 1756 1120 igitur
1787 1068 1949 1110 Ericus
1980 1069 2028 1110 in

379 1137 651 1178 Lalandiam
684 1138 941 1191 Vbbonem,
989 1152 1127 1193 quem
1160 1139 1413 1181 Nicholaus
1445 1140 1704 1181 minoribus
1734 1140 1899 1182 insulis
1933 1155 2027 1195 pre-

377 1209 556 1263 fecerat,
588 1211 839 1264 suspendit.

463 1283 538 1323 XI.
601 1283 803 1324 Audiens
835 1284 1000 1325 deinde
1027 1285 1203 1338 Ericus,
1236 1287 1361 1339 quod
1392 1299 1470 1327 rex
1502 1286 1636 1328 vellet
1664 1286 1843 1328 Lundie
1868 1287 2027 1328 Natale

378 1356 566 1396 Domini
599 1356 903 1397 conuiualiter
935 1358 1178 1410 celebrare,
1211 1358 1420 1412 preuenit
1447 1358 1496 1398 in
1514 1358 1742 1411 Scaniam,
1774 1372 2027 1414 omnesque

376 1428 493 1480 regis
526 1442 748 1482 expensas
780 1429 827 1469 in
862 1430 1133 1470 Lalandiam
1165 1431 1437 1484 reportauit;
1479 1432 1603 1485 quod
1644 1431 1837 1472 audiens
1868 1445 1948 1473 rex
1978 1432 2026 1473 in

378 1501 608 1542 Sialendia
638 1502 871 1543 remansit.
935 1502 1150 1556 Sequenti
1192 1507 1331 1544 estate
1363 1504 1491 1544 omni
1525 1504 1699 1545 Danica
1738 1505 1883 1546 classe
1922 1517 2026 1546 con-

376 1578 557 1626 gregata
588 1574 712 1616 venit
742 1575 789 1615 in
823 1576 858 1615 F
863 1575 1069 1616 oothwik
1101 1584 1154 1616 ac
1186 1577 1443 1629 pedestrem
1475 1577 1722 1618 exercitum
1757 1590 1887 1618 secus
1918 1577 2026 1618 litus

377 1646 627 1698 ordinauit3
671 1661 762 1702 quo
796 1649 1125 1701 superueniens
1158 1649 1320 1689 Ericus
1352 1661 1555 1703 pugnam
1588 1663 1693 1690 curn
1728 1650 1952 1691 Nicholao
1984 1655 2026 1691 et

377 1719 472 1760 filio
506 1719 603 1760 eius
636 1721 802 1773 Magno
834 1720 983 1774 iniuit,
1026 1721 1359 1776 victoriamque
1391 1722 1655 1776 reportauit.
1718 1724 1836 1764 Nam
1869 1723 2024 1764 multis

376 1792 614 1845 prostratis
657 1793 905 1847 multisque
951 1794 1117 1846 fugatis
1165 1795 1359 1846 Magnus
1398 1807 1503 1835 cum
1546 1795 1778 1849 aliquibus
1816 1796 2025 1849 fortibus,

376 1865 520 1917 magis
567 1866 726 1906 volens
773 1866 891 1907 mori
936 1879 1077 1924 quan}
1124 1866 1297 1920 fugere,
1345 1879 1557 1921 pugnans
1602 1869 1842 1922 remansit,
1888 1873 2024 1922 atque

376 1938 627 1979 multorum
662 1942 808 1991 strage
841 1939 962 1979 edita
994 1952 1130 1993 super
1163 1952 1356 1993 corpora
1387 1944 1721 1994 prostratorum
1754 1941 1900 1982 eciam
1926 1941 2024 1995 ipse

376 2015 629 2063 prostratus
661 2012 938 2062 trucidatur,
986 2012 1238 2053 Nicholaus
1279 2026 1358 2053 rex
1389 2014 1447 2053 ad
1479 2026 1622 2054 naues
1653 2013 1832 2066 fugiens
1864 2013 2021 2055 euasit.

377 2083 444 2123 Ibi
483 2096 589 2124 curn
632 2085 798 2136 Magno
839 2084 1102 2125 ceciderunt
1140 2085 1343 2139 episcopi
1385 2087 1545 2127 Petrus
1587 2086 1903 2127 Roskildensis
1942 2072 2023 2141 <et>

377 2156 594 2197 Hinricus
640 2158 696 2197 de
737 2157 906 2199 SWecia
948 2171 1201 2212 omnesque
1248 2159 1452 2212 episcopi
1492 2159 1624 2200 Jucie
1670 2163 1818 2212 preter
1863 2172 2020 2201 vnum.

376 2229 484 2269 Post
515 2230 604 2270 hoc
637 2230 843 2283 Magnus,
891 2244 969 2271 rex
1001 2230 1291 2284 Noricorum,
1337 2244 1525 2273 onrem
1569 2244 1701 2272 suam
1734 2231 2022 2285 repudiatam

376 2301 510 2342 Erico
535 2302 721 2354 remisit,
755 2315 808 2343 eo
838 2304 962 2356 quod
995 2303 1095 2357 ipsa
1122 2304 1255 2344 Erico
1289 2302 1533 2344 consilium
1568 2317 1705 2348 suum
1731 2304 2020 2345 denudasset.

375 2373 628 2415 Nicholaus
660 2379 828 2428 autem,
861 2376 907 2416 in
939 2376 1123 2417 Juciam
1155 2375 1333 2428 fugiens
1365 2376 1754 2430 consideransque
1787 2390 1833 2418 se
1865 2389 2020 2418 senem

375 2458 428 2486 ac
474 2446 569 2487 sine
616 2447 771 2488 liberis
818 2461 928 2501 esse,
977 2449 1247 2501 Haraldum,
1293 2449 1478 2490 fratrem
1527 2449 1662 2502 Erici,
1709 2462 2020 2490 successorem

374 2519 499 2571 regni
539 2520 813 2563 declarabat.
877 2522 985 2562 Post
1023 2522 1108 2562 hec
1145 2521 1359 2562 transiuit
1397 2521 1444 2561 in
1477 2522 1680 2575 Sleswik,
1727 2522 1859 2563 cuius
1897 2521 2021 2563 ciues

373 2602 524 2644 regem
579 2592 825 2634 intrantem
882 2597 1066 2647 propter
1122 2594 1354 2635 maliciam
1402 2594 1577 2648 Magni,
1636 2594 1714 2648 qui
1771 2595 2020 2647 Kanutum‚

463 2745 495 2780 1.
528 2753 626 2791 ergo
644 2745 730 2791 VA3
762 2745 888 2791 igitur
906 2745 945 2782 S.
1020 2746 1220 2782 ebreitate
1246 2747 1293 2792 S3
1325 2746 1542 2782 inebriatis
1560 2747 1604 2783 A.
1665 2747 1701 2783 2.
1732 2746 1963 2793 grauiter(!)
1980 2745 2020 2791 S,

373 2801 511 2837 addito
558 2802 598 2838 in
647 2802 834 2849 maryine
876 2803 1035 2849 sopitis.
1125 2807 1164 2840 et
1209 2803 1401 2839 clientela
1441 2805 1485 2839 A.
1576 2803 1611 2840 3.
1658 2807 1933 2850 repertosque
1972 2804 2017 2841 A.

375 2860 408 2894 4.
443 2859 687 2895 festinanter
711 2861 755 2896 A.
817 2860 853 2896 5.
885 2860 1039 2896 ostium
1066 2861 1110 2896 A.
1174 2862 1208 2897 6.
1241 2861 1438 2907 ostigio(!)
1454 2862 1498 2897 A.
1561 2861 1596 2897 8.
1628 2864 1922 2907 pertraxerunt
1939 2860 2019 2897 VA.

375 2916 409 2952 9.
443 2920 705 2962 precesserat
733 2917 860 2963 Saxo,
907 2921 1173 2964 processerat
1203 2918 1316 2954 codd.
1407 2918 1468 2955 14.
1511 2913 1625 2954 lun&
1666 2917 1793 2964 codd.;
1844 2917 2019 2954 Lundiae

374 2972 491 3009 Saxo.
556 2974 615 3010 16.
641 2973 734 3020 fort.
761 2974 1011 3021 deportauit.
1075 2976 1137 3012 17.
1175 2975 1453 3020 siallandia83
1485 2975 1673 3011 selandia
1690 2976 1741 3020 A;
1773 2975 1955 3011 lalandia
1973 2975 2018 3011 V.

375 3030 437 3066 20.
470 3031 562 3066 iniit
593 3032 636 3067 A.
709 3031 850 3068 multis
885 3031 1117 3078 La119ebelc3
1149 3032 1376 3078 multisque
1408 3032 1519 3068 codd.
1590 3033 1652 3069 25.
1686 3035 1725 3068 et
1756 3031 1895 3068 addidi
1925 3042 2017 3068 cum

373 3087 541 3123 Saxone.
605 3089 667 3124 29.
701 3100 744 3124 se
777 3100 854 3124 om.
890 3089 933 3125 V.
997 3090 1059 3126 31.
1094 3090 1191 3125 Post
1224 3090 1304 3125 hoc
1336 3090 1378 3126 A.
1456 3089 1641 3136 sleswigh
1675 3089 1714 3126 S.
