2150 3584
319 1439 359 1469 10

320 1802 360 1833 15

320 2165 362 2196 20

321 2526 363 2556 25

384 177 437 215 88
723 186 997 215 SCRIPTORES
1031 187 1255 216 fflsromAE
1289 187 1463 215 DANICAE
1495 187 1693 216 MlNORES

1177 299 1232 358 X

384 411 545 448 tonum
594 420 755 458 manu,
812 410 861 447 ut
908 407 1123 459 maiores,
1178 407 1250 448 uel
1295 407 1423 447 tertia
1471 411 1549 447 aut
1595 407 1815 457 secunda,
1867 407 2023 460 quales

384 479 678 520 mediocsime
725 483 831 524 sunt
876 480 949 520 uel
996 479 1183 529 minute,
1230 483 1366 533 prout
1411 478 1620 533 superius
1666 478 2024 530 enucleauimus,

383 551 642 592 terminare.

1073 798 1195 839 CAP.
1230 798 1343 838 XIV.

478 954 787 1033 Transcursis
825 992 1013 1045 legibus,
1060 992 1227 1046 quibus
1270 992 1470 1032 minores
1509 992 1680 1032 habent
1719 990 2029 1031 controuersie

384 1065 633 1114 terminari,
681 1067 890 1118 superest,
936 1069 985 1104 ut
1025 1065 1081 1105 ad
1113 1064 1289 1105 maiora
1322 1062 1625 1116 (transeamus)
1657 1063 1848 1115 negotia.
1911 1062 2026 1103 Cum

385 1136 544 1190 (iyilur)
576 1137 806 1177 cotidiana
838 1136 1143 1177 sollicitudine
1175 1137 1346 1177 uersuti
1374 1149 1458 1177 nos
1484 1135 1629 1176 hostis
1654 1136 1814 1176 calleat
1837 1135 2028 1176 circuire

386 1209 564 1261 astutia,
612 1209 773 1249 scalari
814 1210 1015 1263 quodam
1057 1209 1435 1262 preuaricationis
1480 1221 1672 1249 ascensu
1716 1209 1772 1248 ad
1812 1208 2026 1248 ultimum

386 1296 465 1323 nos
505 1283 653 1322 educit
693 1282 1005 1323 damnationis
1050 1280 1261 1336 (culmen).
1325 1283 1442 1322 Nam
1481 1294 1587 1322 cum
1630 1281 1841 1334 pestifera
1883 1267 2027 1335 (suos)

386 1355 671 1408 suggestione
703 1354 747 1395 in
781 1355 970 1395 minutis
1002 1354 1252 1395 exercuerit
1290 1353 1516 1405 satellites,
1563 1354 1621 1394 ad
1660 1353 1848 1394 maioris
1888 1366 2028 1394 ausus

387 1427 517 1467 ruine
562 1426 875 1468 indeficienter
913 1427 1089 1467 inuitat.
1160 1426 1355 1479 Quippe,
1402 1425 1480 1479 qui
1525 1439 1623 1466 cum
1671 1426 1766 1466 suis
1807 1425 2028 1466 commili-

385 1499 572 1540 tonibus
612 1499 828 1539 corrixari
868 1500 924 1539 ad
964 1499 1087 1540 cedis
1126 1498 1392 1539 discrimina
1425 1499 1667 1552 predoctus
1699 1502 1806 1548 erat,
1853 1497 2029 1538 domini

387 1572 698 1625 principisque
751 1571 821 1611 sui
868 1571 1173 1625 proditionem
1223 1571 1296 1611 uel
1342 1575 1534 1611 mortem
1583 1571 1798 1611 audacter
1842 1571 2028 1611 tandem

387 1644 645 1696 aggreditur
692 1643 959 1685 machinari.
1052 1644 1094 1685 Si
1141 1643 1277 1696 igitur
1322 1643 1458 1684 alicui
1505 1644 1770 1684 detestanda
1817 1642 2030 1683 acciderit

386 1715 654 1768 ignominia,
698 1717 822 1770 quod
864 1717 973 1757 Iude
1006 1716 1251 1769 proditoris
1284 1716 1539 1756 maculetur
1570 1714 1836 1766 infortunio,
1883 1715 2030 1755 simile

386 1788 566 1828 facinus
605 1789 909 1841 perpetrando
948 1793 1002 1841 et,
1049 1787 1479 1841 condempnationis
1521 1791 1816 1841 percepturus
1856 1791 2030 1828 senten-

386 1860 512 1912 tiam,
535 1860 807 1913 proditionis
829 1860 1074 1901 consilium
1100 1864 1257 1901 contra
1280 1860 1522 1900 dominum
1546 1873 1682 1900 suum
1705 1859 2030 1913 machinando,

388 1933 479 1973 uite
526 1945 605 1972 sue
646 1932 777 1972 illum
818 1933 1061 1986 omnisque
1103 1932 1355 1973 substantie
1402 1945 1481 1972 sue
1527 1936 1803 1973 censuerunt
1848 1930 2030 1985 ia(ctura

385 2004 682 2058 plectendum).
763 2006 857 2045 Hac
902 2005 1055 2059 itaque
1101 2005 1248 2046 forma
1295 2005 1666 2045 conueniendum
1717 2005 2030 2054 decreuerunt,

389 2078 426 2118 si
473 2090 610 2131 quem
657 2090 734 2117 rex
779 2077 835 2118 de
874 2078 1131 2131 proditione
1168 2077 1241 2117 uel
1281 2077 1471 2117 crimine
1510 2063 1612 2132 <lese
1648 2077 1759 2131 reqie
1796 2076 2032 2117 maiestatis

390 2149 582 2203 aryuerit
618 2163 801 2202 eumque
832 2163 858 2190 a
889 2149 1088 2191 societate
1119 2149 1339 2190 eliminari
1370 2149 1555 2190 uoluerit
1582 2149 1770 2191 militari.
1833 2148 2029 2190 Primum

388 2236 466 2262 rex
497 2235 594 2262 eum
628 2220 671 2261 in
706 2221 826 2262 curia
857 2235 939 2262 sua
968 2235 1045 2276 per
1077 2222 1186 2262 duos
1218 2221 1527 2262 commilitones
1559 2235 1613 2262 ex
1643 2221 1733 2261 eius
1763 2225 1867 2274 cetu,
1901 2221 1945 2262 id
1974 2224 2034 2262 est

389 2294 511 2335 Soeet
549 2296 588 2333 et
624 2293 869 2347 Fjarthiny,
917 2295 977 2335 ad
1015 2297 1275 2334 conuentum
1317 2293 1562 2347 militarem,
1610 2293 1655 2334 id
1698 2297 1758 2334 est
1798 2294 2031 2335 Huslcarle-

387 2366 532 2419 stefne,
575 2365 700 2406 citari
728 2366 869 2420 faciet,
912 2367 1003 2406 Ioco
1033 2365 1072 2406 ei
1100 2369 1140 2406 et
1168 2368 1355 2420 tempore
1386 2366 1621 2420 assiynato.
1683 2365 1731 2407 Si
1761 2366 1820 2406 ad
1849 2379 2032 2407 conuen-

390 2441 480 2478 tum
523 2451 610 2478 non
650 2438 823 2491 uenerit,
871 2437 914 2478 in
956 2438 1136 2479 domum
1179 2452 1308 2479 suam
1352 2438 1430 2479 ibit
1458 2442 1497 2479 et
1524 2439 1712 2479 secundo
1743 2452 1841 2478 eum
1873 2437 2031 2491 citabit,

390 2511 482 2551 Ioco
513 2509 707 2550 similiter
737 2514 776 2551 et
803 2510 869 2551 die
899 2511 937 2551 ei
962 2511 1146 2565 prefixo.
1208 2510 1256 2552 Si
1296 2511 1441 2552 adhuc
1483 2510 1678 2551 citationi
1702 2524 1855 2565 parere
1884 2523 2032 2565 super-

389 2583 552 2635 sederit,
598 2583 714 2623 tertio
752 2596 849 2623 eum
890 2582 1019 2623 etiam
1052 2582 1095 2624 in
1129 2583 1258 2624 domo
1288 2597 1369 2624 sua
1401 2584 1546 2624 eodem
1578 2583 1708 2624 modo
1739 2583 1842 2624 citet.
1904 2582 1952 2624 Si
1981 2596 2034 2623 ne

392 2658 493 2695 tunc
534 2654 705 2708 quidem
748 2655 790 2695 in
830 2658 1047 2696 conuentu
1083 2655 1387 2710 comparuerit,
1433 2655 1826 2709 condempnabitur
1855 2658 1892 2695 et
1922 2658 2032 2696 terra

391 2726 764 2779 exterminabitur,
811 2730 849 2767 et
885 2727 1028 2768 omnis
1064 2741 1145 2768 sua
1185 2727 1432 2768 substantia
1464 2726 1555 2780 re9i
1584 2726 1918 2768 adiudicabitur.
1979 2730 2036 2768 At

391 2799 429 2840 si
459 2800 518 2840 ad
544 2799 753 2841 iudicium
781 2799 954 2852 uenerit,
986 2803 1024 2840 et
1045 2813 1123 2840 rex
1146 2813 1243 2840 eum
1269 2800 1456 2840 duorum
1483 2798 1827 2840 commilitonum
1851 2812 2031 2840 suorum

481 2926 513 2962 3.
547 2926 724 2961 innuare
762 2924 856 2973 (pro
888 2921 1113 2973 thminare).
1192 2925 1300 2961 6—7.
1334 2924 1481 2960 calleat
1520 2925 1671 2960 virtute
1711 2924 1808 2972 (pro
1839 2922 2034 2972 circuire)

392 2982 571 3018 iustitiae.
636 2984 669 3019 7.
701 2980 879 3019 sclalari.
942 2982 1051 3018 7—8.
1083 2993 1214 3017 unum
1246 2980 1343 3029 (pro
1370 2979 1533 3028 ultium)
1557 2981 1728 3018 seducit.
1791 2981 1827 3025 9.
1862 2981 2033 3017 maioris

394 3040 528 3076 huius.
651 3041 710 3075 10.
761 3039 1001 3075 malefil'ient
1054 3036 1149 3086 (pro
1195 3036 1481 3088 indeficienw).
1588 3039 1681 3084 quis
1734 3038 1829 3086 (pro
1876 3038 1945 3084 qui
1988 3035 2033 3086 ὂ).
