2150 3584
344 975 384 1005 10

346 1338 386 1368 15

347 1699 390 1730 20

411 193 488 232 166
747 201 1022 230 SCRIPTORES
1055 200 1281 229 H1s‘roR1AE
1314 201 1491 229 DANICAE
1522 200 1721 230 M1NoRES

493 318 558 356 73.
607 311 736 356 Eric
769 315 964 361 Lamb,
1004 314 1127 355 filius
1161 315 1338 367 Hacun,
1377 327 1520 368 nepos
1554 314 1706 355 Herici
1739 314 1906 368 Cyprii.
1969 314 2054 355 Hic

409 402 512 430 cun]
547 399 711 440 magna
744 386 986 441 prudentia
1013 387 1298 438 gubernabat
1315 387 1518 428 Daciam.
1569 386 1757 439 Deinde,
1790 386 2055 427 firmissima

407 474 518 514 pace
549 461 667 500 facta
700 460 744 500 in
778 459 924 513 patria
949 472 1045 511 sua,
1078 460 1410 500 monasterium
1437 459 1561 512 adijt,
1595 463 1636 499 et
1658 463 1843 513 accepta
1866 463 2054 499 tonsura

408 538 449 574 et
495 532 655 573 habitu
702 524 951 572 monacum
998 532 1232 585 professus
1278 531 1414 573 etiam
1470 531 1657 573 feliciter
1709 531 1848 572 huius
1893 530 2056 571 mundi

410 604 604 657 miserijs
635 603 854 645 valefecit.
917 603 1092 644 Deinde
1124 604 1248 645 bono
1280 604 1371 644 fine
1403 604 1578 658 quieuit
1607 604 1655 644 in
1688 604 1890 645 domino.

495 678 560 717 74.
610 677 816 727 Sueno,
849 676 971 716 filius
1004 676 1124 716 Erici
1151 677 1317 718 Emun.
1368 678 1504 717 Hunc
1536 677 1804 718 Scanienses
1836 679 1878 717 et
1910 675 2058 716 Selen-

410 751 572 791 denses
597 750 827 801 elegerunt
853 747 898 788 in
925 760 1090 801 regem.
1140 749 1225 790 Sed
1243 749 1340 790 Juti
1364 763 1469 790 eum
1501 749 1799 802 reprobantes
1831 749 2060 801 elegerunt

413 823 660 873 Kanutum,
704 821 850 861 filium
893 821 1061 873 Magni,
1108 821 1187 874 filij
1223 822 1433 862 Nicholai
1471 821 1602 874 regis,
1649 825 1690 862 et
1728 820 2061 861 constituerunt

411 908 515 935 eum
550 907 686 947 super
719 906 765 934 se
796 905 960 946 regem.
1024 894 1155 934 Unde
1195 895 1313 934 facta
1353 898 1418 935 est
1457 895 1593 946 longa
1631 892 1906 935 concertatio
1946 893 2060 933 inter

412 967 671 1008 Suenonem
727 969 769 1006 et
825 966 1072 1007 Kanutum.
1164 967 1231 1007 Ad
1287 966 1502 1007 ultimum
1558 966 1709 1007 Sueno
1765 966 1925 1019 pulsus
1981 968 2058 1006 est.

413 1039 587 1080 Deinde
633 1038 719 1079 sub
766 1038 915 1091 specie
962 1038 1088 1091 pacis
1141 1052 1354 1079 reuersus
1405 1039 1451 1079 in
1500 1039 1689 1079 Daciam
1739 1039 1971 1079 Kanutum
2021 1041 2062 1077 et

414 1112 767 1153 Constantinum
794 1111 900 1151 dolo
927 1111 1094 1151 occidit
1112 1111 1337 1152 Roscildis
1364 1115 1406 1152 et
1433 1111 1747 1165 preuaricatus
1779 1114 1845 1152 est
1875 1114 2059 1164 pactum

413 1188 455 1226 et
486 1185 616 1225 fedus
649 1188 691 1224 et
720 1183 1056 1224 iusiurandum.
1121 1184 1423 1224 Postmodum
1462 1183 1509 1223 in
1540 1183 1665 1224 Jutia
1698 1183 1924 1224 dimicans
1956 1195 2062 1223 curnv

413 1258 723 1307 Waldemaro,
770 1256 865 1296 filio
899 1256 1043 1297 sancti
1078 1256 1247 1297 Kanuti
1281 1256 1508 1309 martyris,
1555 1255 1795 1296 infeliciter
1833 1253 2062 1308 occubuit,

413 1330 532 1370 iusto
558 1329 630 1369 dei
656 1328 827 1370 iudicio
853 1328 1044 1381 dignum
1072 1329 1344 1370 insidiarum
1381 1341 1570 1369 suarum
1602 1331 1877 1369 consecutus
1907 1327 2061 1368 finem.

500 1404 566 1443 75.
616 1403 891 1454 Kanutus,
938 1401 1061 1442 filius
1110 1402 1277 1455 Magni,
1326 1402 1403 1455 filij
1451 1400 1662 1441 Nicholai
1709 1400 1839 1453 regis.
1917 1400 2004 1440 Hic
2038 1412 2064 1439 a

416 1475 627 1515 Suenone
659 1474 766 1515 dolo
798 1474 978 1515 occisus
1011 1478 1076 1514 est
1110 1475 1346 1515 Roscildis.

501 1548 565 1587 76.
615 1546 773 1587 Wald
789 1559 1011 1587 emarus
1046 1547 1281 1600 Primus,
1327 1547 1448 1587 filius
1482 1545 1625 1587 sancti
1661 1545 1829 1586 Kanuti
1861 1545 1992 1586 ducis
2024 1549 2065 1585 et

416 1619 642 1672 martyris,
689 1619 768 1672 filij
804 1619 924 1660 Erici
959 1619 1125 1673 Cyprii.
1190 1620 1276 1661 Hic
1309 1619 1513 1661 Slauiam
1554 1618 1675 1671 vicit,
1721 1617 1983 1672 perdomuit
2024 1620 2067 1657 et

416 1693 472 1732 ad
507 1691 885 1733 christianitatem
920 1692 1076 1745 coegit.

503 1767 568 1805 77.
616 1764 901 1817 Kanutus,
933 1765 1056 1805 filius
1074 1764 1357 1806 Waldemari
1377 1764 1531 1805 Primi.
1582 1764 1668 1804 Hic
1686 1762 2064 1815 Nordalbingiam

417 1837 524 1878 vicit
555 1842 596 1878 et
628 1837 841 1878 comitem
875 1837 1095 1878 Adulfum
1130 1837 1366 1891 captiuum
1399 1837 1602 1878 abduxit.

504 1911 569 1951 78.
617 1910 1033 1962 Waldemarus,
1073 1910 1210 1950 frater
1251 1909 1434 1962 Kanuti,
1480 1909 1560 1963 filij
1593 1909 1876 1951 Waldemari
1910 1908 2064 1949 Primi.

421 1982 506 2023 Hic
539 1982 825 2023 Estlandiam
858 1982 964 2024 vicit
996 1986 1037 2023 et
1069 1995 1123 2023 ex
1154 1986 1281 2035 parte
1313 1983 1370 2023 ad
1403 1982 1780 2023 christianitatem
1816 1981 1973 2034 coegit.

507 2112 542 2147 2.
567 2111 730 2147 Datiam
758 2112 799 2147 P.
863 2113 897 2148 4.
924 2112 1181 2148 monachum
1206 2111 1424 2159 professus
1449 2115 1488 2148 et
1513 2111 1576 2148 fel.
1603 2112 1646 2148 P.
1701 2111 1811 2150 4-5,
1838 2110 2015 2147 feliciter
2032 2139 2067 2147 ..

420 2168 611 2204 valefecit
651 2179 700 2204 ex
740 2168 883 2215 Officio
919 2169 1214 2205 Translationis
1252 2168 1288 2205 S.
1333 2169 1481 2205 Canuti
1510 2169 1633 2205 Ducis
1675 2168 1766 2214 (Vit.
1800 2167 1930 2204 Sanct.
1961 2167 2066 2203 Dan.

418 2238 457 2271 p.
489 2225 738 2271 203‚5sq.)‚·
784 2237 833 2262 ex
871 2227 1008 2262 eodem
1053 2226 1165 2272 fonte
1210 2228 1418 2272 sumptum
1465 2228 1522 2262 est
1566 2225 1735 2272 inferius
1778 2225 1826 2261 11
1860 2235 1943 2271 sqq.
1989 2224 2067 2260 sub

421 2283 560 2329 specie
606 2284 722 2329 pacis
768 2285 981 2327 (reuersus
1028 2284 1069 2319 in
1118 2284 1304 2328 Daciam)
1355 2284 1399 2320 K.
1446 2287 1485 2320 et
1531 2284 1571 2320 C.
1617 2282 1801 2329 (occidit)
1850 2281 2067 2318 Roscildis.

423 2341 456 2375 5.
491 2340 654 2376 miseris
689 2341 729 2376 P.
790 2340 899 2376 Inter
929 2342 951 2376 5
985 2344 1024 2376 et
1057 2342 1079 2378 6
1115 2342 1145 2376 Ρ
1187 2341 1309 2377 inseri
1349 2341 1474 2377 voluit
1508 2351 1657 2376 nomen
1696 2340 1855 2377 Olauus
1888 2340 1927 2375 in
1963 2350 2069 2374 mar-

421 2398 514 2442 ,qine
552 2397 824 2443 adscriptum·
869 2398 1126 2444 siqnificatur
1163 2398 1311 2434 scilicet
1357 2398 1511 2434 Olauus
1554 2398 1664 2444 silius
1707 2396 1885 2433 Haraldi
1928 2395 2066 2442 Kesiae,

423 2465 539 2500 quem
583 2454 653 2489 alii
692 2465 848 2501 quoque
885 2455 961 2490 hoc
1000 2455 1083 2491 loco
1125 2456 1165 2491 in
1209 2466 1349 2501 regum
1381 2456 1481 2491 serie
1509 2457 1679 2500 ponunt.
1769 2455 1908 2491 6-14.
1945 2451 2069 2489 Verba

425 2512 546 2546 Hunc
579 2511 1048 2548 scanienses..Kanuti
1080 2512 1277 2559 martyris
1309 2523 1386 2548 om.
1422 2513 1463 2554 P.
1504 2511 1726 2548 substitutis
1768 2513 1924 2547 tantum
1958 2511 2069 2557 quat-

425 2571 516 2603 tuor
546 2567 691 2603 verbts:
740 2569 912 2605 bellauit
953 2573 1099 2606 contra
1131 2570 1426 2606 Valdemarum
1460 2572 1508 2605 et.
1585 2570 1619 2606 6.
1653 2568 1926 2605 Selendenses
1971 2569 2067 2611 (non

425 2623 715 2672 Selandenses)
747 2627 788 2662 Α.
869 2628 929 2662 15.
964 2627 1129 2672 dignam
1165 2627 1207 2663 P.
1280 2627 1446 2663 16—17.
1485 2625 1607 2662 Verba
1639 2626 1711 2672 filij
1746 2624 2069 2663 N...Roscildis

424 2693 502 2718 om.
539 2683 579 2717 P.
660 2683 721 2717 23.
755 2683 825 2729 filij
866 2683 965 2731 (non
1006 2684 1131 2729 filius)
1162 2686 1206 2720 Α.
1283 2684 1363 2720 Pro
1397 2694 1493 2720 vers.
1532 2684 1682 2719 18-24
1718 2683 1749 2718 P
1787 2682 1873 2718 lzoec
1911 2683 2068 2718 tantum

425 2739 557 2774 habet:
619 2739 891 2776 Valdemarus
939 2741 1146 2777 Sclauiam
1202 2742 1299 2777 vicit
1345 2745 1383 2777 et
1430 2741 1481 2776 ad
1528 2739 1876 2776 christianitatem
1925 2739 2069 2784 coegit.

429 2796 617 2831 Kanutus
666 2797 1008 2843 Nordalbingiam
1056 2799 1153 2834 vicit
1199 2799 1265 2835 &c
1328 2798 1601 2833 Valdemarus
1643 2797 1772 2833 frater
1811 2796 1963 2832 Kanuti
2002 2796 2069 2831 διε.

428 2853 578 2888 Deinde
605 2854 635 2888 P
667 2853 704 2889 1'11
739 2853 801 2888 his
826 2854 952 2890 verbis
977 2855 1139 2900 sinitur:
1176 2857 1260 2891 Hec
1292 2855 1431 2890 onmia
1460 2866 1506 2890 ex
1533 2854 1603 2890 illo
1629 2854 1738 2890 libro
1765 2853 2070 2901 antiquissimo.
