<?xml version="1.0" encoding="UTF-8"?>
<!DOCTYPE html PUBLIC "-//W3C//DTD XHTML 1.0 Transitional//EN"
    "http://www.w3.org/TR/xhtml1/DTD/xhtml1-transitional.dtd">
<html xmlns="http://www.w3.org/1999/xhtml" xml:lang="en" lang="en">
 <head>
  <title>
</title>
<meta http-equiv="Content-Type" content="text/html;charset=utf-8" />
  <meta name='ocr-system' content='tesseract 3.04.00' />
  <meta name='ocr-capabilities' content='ocr_page ocr_carea ocr_par ocr_line ocrx_word'/>
</head>
<body>
  <div class='ocr_page' id='page_1' title='image "./scriptoresminore112gert_0399.png"; bbox 0 0 2150 3584; ppageno 0'>
   <div class='ocr_carea' id='block_1_1' title="bbox 540 174 1720 212">
    <p class='ocr_par' dir='ltr' id='par_1_1' title="bbox 540 174 1720 212">
     <span class='ocr_line' id='line_1_1' title="bbox 540 174 1720 212; baseline 0.001 -1"><span class='ocrx_word' id='word_1_1' title='bbox 540 183 833 212; x_wconf 70' lang='lat' dir='ltr'>compnnmvm</span> <span class='ocrx_word' id='word_1_2' title='bbox 868 183 1066 211; x_wconf 70' lang='lat' dir='ltr'>SAxonis.</span> <span class='ocrx_word' id='word_1_3' title='bbox 1116 184 1195 210; x_wconf 72' lang='lat' dir='ltr'>mn.</span> <span class='ocrx_word' id='word_1_4' title='bbox 1231 184 1270 211; x_wconf 80' lang='lat' dir='ltr'>xi</span> <span class='ocrx_word' id='word_1_5' title='bbox 1648 174 1720 212; x_wconf 71' lang='lat'>:381</span> 
     </span>
    </p>
   </div>
   <div class='ocr_carea' id='block_1_2' title="bbox 83 296 1800 2454">
    <p class='ocr_par' dir='ltr' id='par_1_2' title="bbox 83 296 1800 2454">
     <span class='ocr_line' id='line_1_2' title="bbox 86 296 1728 351; baseline -0.001 -13"><span class='ocrx_word' id='word_1_6' title='bbox 86 300 265 338; x_wconf 89' lang='lat' dir='ltr'>animos</span> <span class='ocrx_word' id='word_1_7' title='bbox 306 310 389 338; x_wconf 90' lang='lat' dir='ltr'>suo</span> <span class='ocrx_word' id='word_1_8' title='bbox 428 297 663 351; x_wconf 90' lang='lat' dir='ltr'>proposito</span> <span class='ocrx_word' id='word_1_9' title='bbox 695 297 962 347; x_wconf 79' lang='lat' dir='ltr'>consentire,</span> <span class='ocrx_word' id='word_1_10' title='bbox 1002 296 1133 336; x_wconf 87' lang='lat' dir='ltr'>iussit</span> <span class='ocrx_word' id='word_1_11' title='bbox 1172 297 1362 337; x_wconf 79' lang='lat' dir='ltr'>classem</span> <span class='ocrx_word' id='word_1_12' title='bbox 1406 298 1652 338; x_wconf 83' lang='lat' dir='ltr'>conuenire</span> <span class='ocrx_word' id='word_1_13' title='bbox 1687 298 1728 338; x_wconf 84' lang='lat' dir='ltr'>in</span> 
     </span>
     <span class='ocr_line' id='line_1_3' title="bbox 87 368 1730 423; baseline -0.001 -12"><span class='ocrx_word' id='word_1_14' title='bbox 87 370 362 423; x_wconf 88' lang='lat' dir='ltr'>Lymfiorth;</span> <span class='ocrx_word' id='word_1_15' title='bbox 410 382 499 422; x_wconf 86' lang='lat' dir='ltr'>qua</span> <span class='ocrx_word' id='word_1_16' title='bbox 547 372 817 421; x_wconf 80' lang='lat' dir='ltr'>congregata</span> <span class='ocrx_word' id='word_1_17' title='bbox 864 381 940 408; x_wconf 89' lang='lat' dir='ltr'>rex</span> <span class='ocrx_word' id='word_1_18' title='bbox 988 368 1049 408; x_wconf 88' lang='lat' dir='ltr'>ibi</span> <span class='ocrx_word' id='word_1_19' title='bbox 1091 369 1291 409; x_wconf 85' lang='lat' dir='ltr'>Olauum</span> <span class='ocrx_word' id='word_1_20' title='bbox 1340 371 1415 410; x_wconf 82' lang='lat' dir='ltr'>(liu</span> <span class='ocrx_word' id='word_1_21' title='bbox 1463 371 1730 423; x_wconf 80' lang='lat' dir='ltr'>expectauit,</span> 
     </span>
     <span class='ocr_line' id='line_1_4' title="bbox 84 441 1729 495; baseline -0.001 -12"><span class='ocrx_word' id='word_1_22' title='bbox 84 443 199 483; x_wconf 88' lang='lat' dir='ltr'>adeo</span> <span class='ocrx_word' id='word_1_23' title='bbox 231 446 277 483; x_wconf 87' lang='lat' dir='ltr'>vt</span> <span class='ocrx_word' id='word_1_24' title='bbox 308 441 461 482; x_wconf 90' lang='lat' dir='ltr'>feruor</span> <span class='ocrx_word' id='word_1_25' title='bbox 493 441 651 495; x_wconf 91' lang='lat' dir='ltr'>populi</span> <span class='ocrx_word' id='word_1_26' title='bbox 684 441 739 481; x_wconf 92' lang='lat' dir='ltr'>ad</span> <span class='ocrx_word' id='word_1_27' title='bbox 769 442 1100 481; x_wconf 89' lang='lat' dir='ltr'>transeundum</span> <span class='ocrx_word' id='word_1_28' title='bbox 1136 441 1178 480; x_wconf 88' lang='lat' dir='ltr'>in</span> <span class='ocrx_word' id='word_1_29' title='bbox 1208 442 1439 482; x_wconf 83' lang='lat' dir='ltr'>fastidium</span> <span class='ocrx_word' id='word_1_30' title='bbox 1473 447 1729 483; x_wconf 80' lang='lat' dir='ltr'>verteretur.</span> 
     </span>
     <span class='ocr_line' id='line_1_5' title="bbox 86 513 1730 567; baseline -0.002 -11"><span class='ocrx_word' id='word_1_31' title='bbox 86 515 181 556; x_wconf 88' lang='lat' dir='ltr'>Hec</span> <span class='ocrx_word' id='word_1_32' title='bbox 212 514 333 555; x_wconf 92' lang='lat' dir='ltr'>enim</span> <span class='ocrx_word' id='word_1_33' title='bbox 368 518 463 554; x_wconf 87' lang='lat' dir='ltr'>erat</span> <span class='ocrx_word' id='word_1_34' title='bbox 493 513 693 555; x_wconf 88' lang='lat' dir='ltr'>intencio</span> <span class='ocrx_word' id='word_1_35' title='bbox 726 513 877 562; x_wconf 87' lang='lat' dir='ltr'>Olaui,</span> <span class='ocrx_word' id='word_1_36' title='bbox 924 516 969 554; x_wconf 88' lang='lat' dir='ltr'>vt</span> <span class='ocrx_word' id='word_1_37' title='bbox 1010 516 1089 553; x_wconf 89' lang='lat' dir='ltr'>aut</span> <span class='ocrx_word' id='word_1_38' title='bbox 1120 526 1196 553; x_wconf 90' lang='lat' dir='ltr'>rex</span> <span class='ocrx_word' id='word_1_39' title='bbox 1239 514 1335 554; x_wconf 86' lang='lat' dir='ltr'>sine</span> <span class='ocrx_word' id='word_1_40' title='bbox 1376 515 1474 567; x_wconf 83' lang='lat' dir='ltr'>ipso</span> <span class='ocrx_word' id='word_1_41' title='bbox 1510 515 1730 565; x_wconf 72' lang='lat' dir='ltr'>transiret,</span> 
     </span>
     <span class='ocr_line' id='line_1_6' title="bbox 84 585 1775 639; baseline -0.002 -12"><span class='ocrx_word' id='word_1_42' title='bbox 84 587 129 627; x_wconf 93' lang='lat' dir='ltr'>in</span> <span class='ocrx_word' id='word_1_43' title='bbox 163 587 294 628; x_wconf 92' lang='lat' dir='ltr'>cuius</span> <span class='ocrx_word' id='word_1_44' title='bbox 335 586 551 627; x_wconf 82' lang='lat' dir='ltr'>absencia</span> <span class='ocrx_word' id='word_1_45' title='bbox 590 597 781 638; x_wconf 87' lang='lat' dir='ltr'>regnum</span> <span class='ocrx_word' id='word_1_46' title='bbox 825 585 911 625; x_wconf 89' lang='lat' dir='ltr'>sibi</span> <span class='ocrx_word' id='word_1_47' title='bbox 944 589 1196 638; x_wconf 86' lang='lat' dir='ltr'>vsurparet,</span> <span class='ocrx_word' id='word_1_48' title='bbox 1237 590 1314 625; x_wconf 85' lang='lat' dir='ltr'>aut</span> <span class='ocrx_word' id='word_1_49' title='bbox 1355 586 1496 626; x_wconf 82' lang='lat' dir='ltr'>eciam</span> <span class='ocrx_word' id='word_1_50' title='bbox 1534 588 1730 639; x_wconf 82' lang='lat' dir='ltr'>populus</span> <span class='ocrx_word' id='word_1_51' title='bbox 1757 605 1775 623; x_wconf 81' lang='lat'>.›</span> 
     </span>
     <span class='ocr_line' id='line_1_7' title="bbox 84 658 1728 712; baseline -0.001 -12"><span class='ocrx_word' id='word_1_52' title='bbox 84 658 204 700; x_wconf 89' lang='lat' dir='ltr'>tedio</span> <span class='ocrx_word' id='word_1_53' title='bbox 236 659 426 700; x_wconf 88' lang='lat' dir='ltr'>affectus</span> <span class='ocrx_word' id='word_1_54' title='bbox 457 659 549 712; x_wconf 87' lang='lat' dir='ltr'>regi</span> <span class='ocrx_word' id='word_1_55' title='bbox 582 672 675 700; x_wconf 92' lang='lat' dir='ltr'>non</span> <span class='ocrx_word' id='word_1_56' title='bbox 707 658 923 699; x_wconf 82' lang='lat' dir='ltr'>obediret.</span> <span class='ocrx_word' id='word_1_57' title='bbox 988 658 1109 698; x_wconf 90' lang='lat' dir='ltr'>Dum</span> <span class='ocrx_word' id='word_1_58' title='bbox 1152 658 1287 710; x_wconf 86' lang='lat' dir='ltr'>igitur</span> <span class='ocrx_word' id='word_1_59' title='bbox 1318 659 1373 699; x_wconf 89' lang='lat' dir='ltr'>de</span> <span class='ocrx_word' id='word_1_60' title='bbox 1411 659 1482 698; x_wconf 88' lang='lat' dir='ltr'>die</span> <span class='ocrx_word' id='word_1_61' title='bbox 1525 659 1568 698; x_wconf 89' lang='lat' dir='ltr'>in</span> <span class='ocrx_word' id='word_1_62' title='bbox 1609 660 1728 698; x_wconf 87' lang='lat' dir='ltr'>diem</span> 
     </span>
     <span class='ocr_line' id='line_1_8' title="bbox 85 730 1730 785; baseline -0.001 -13"><span class='ocrx_word' id='word_1_63' title='bbox 85 735 345 785; x_wconf 75' lang='lat' dir='ltr'>expectatus</span> <span class='ocrx_word' id='word_1_64' title='bbox 391 744 484 772; x_wconf 91' lang='lat' dir='ltr'>non</span> <span class='ocrx_word' id='word_1_65' title='bbox 525 731 711 783; x_wconf 89' lang='lat' dir='ltr'>veniret,</span> <span class='ocrx_word' id='word_1_66' title='bbox 751 731 935 771; x_wconf 88' lang='lat' dir='ltr'>tandem</span> <span class='ocrx_word' id='word_1_67' title='bbox 978 743 1068 782; x_wconf 89' lang='lat' dir='ltr'>rex,</span> <span class='ocrx_word' id='word_1_68' title='bbox 1115 730 1341 771; x_wconf 87' lang='lat' dir='ltr'>intellecta</span> <span class='ocrx_word' id='word_1_69' title='bbox 1388 731 1484 771; x_wconf 89' lang='lat' dir='ltr'>eius</span> <span class='ocrx_word' id='word_1_70' title='bbox 1528 732 1730 784; x_wconf 80' lang='lat' dir='ltr'>pertidia,</span> 
     </span>
     <span class='ocr_line' id='line_1_9' title="bbox 84 803 1728 857; baseline -0.001 -13"><span class='ocrx_word' id='word_1_71' title='bbox 84 803 283 857; x_wconf 83' lang='lat' dir='ltr'>precepit</span> <span class='ocrx_word' id='word_1_72' title='bbox 308 804 522 844; x_wconf 86' lang='lat' dir='ltr'>exercitui</span> <span class='ocrx_word' id='word_1_73' title='bbox 549 807 806 857; x_wconf 87' lang='lat' dir='ltr'>expectare;</span> <span class='ocrx_word' id='word_1_74' title='bbox 838 803 935 856; x_wconf 90' lang='lat' dir='ltr'>ipse</span> <span class='ocrx_word' id='word_1_75' title='bbox 952 816 1059 844; x_wconf 88' lang='lat' dir='ltr'>vero</span> <span class='ocrx_word' id='word_1_76' title='bbox 1086 815 1191 843; x_wconf 89' lang='lat' dir='ltr'>cum</span> <span class='ocrx_word' id='word_1_77' title='bbox 1218 803 1354 843; x_wconf 86' lang='lat' dir='ltr'>electa</span> <span class='ocrx_word' id='word_1_78' title='bbox 1384 816 1521 843; x_wconf 88' lang='lat' dir='ltr'>manu</span> <span class='ocrx_word' id='word_1_79' title='bbox 1543 804 1728 844; x_wconf 82' lang='lat' dir='ltr'>Sleswik</span> 
     </span>
     <span class='ocr_line' id='line_1_10' title="bbox 83 875 1729 930; baseline -0.001 -14"><span class='ocrx_word' id='word_1_80' title='bbox 83 876 274 917; x_wconf 89' lang='lat' dir='ltr'>tendens</span> <span class='ocrx_word' id='word_1_81' title='bbox 313 889 367 917; x_wconf 90' lang='lat' dir='ltr'>ex</span> <span class='ocrx_word' id='word_1_82' title='bbox 399 876 636 930; x_wconf 89' lang='lat' dir='ltr'>inopinato</span> <span class='ocrx_word' id='word_1_83' title='bbox 677 889 814 929; x_wconf 86' lang='lat' dir='ltr'>super</span> <span class='ocrx_word' id='word_1_84' title='bbox 846 876 1048 917; x_wconf 84' lang='lat' dir='ltr'>Olauum</span> <span class='ocrx_word' id='word_1_85' title='bbox 1082 875 1218 928; x_wconf 87' lang='lat' dir='ltr'>venit,</span> <span class='ocrx_word' id='word_1_86' title='bbox 1266 889 1402 928; x_wconf 89' lang='lat' dir='ltr'>quem</span> <span class='ocrx_word' id='word_1_87' title='bbox 1447 876 1503 916; x_wconf 86' lang='lat' dir='ltr'>de</span> <span class='ocrx_word' id='word_1_88' title='bbox 1543 875 1729 928; x_wconf 78' lang='lat' dir='ltr'>pertidia</span> 
     </span>
     <span class='ocr_line' id='line_1_11' title="bbox 83 947 1799 1002; baseline -0.002 -13"><span class='ocrx_word' id='word_1_89' title='bbox 83 948 347 989; x_wconf 79' lang='lat' dir='ltr'>conuictum</span> <span class='ocrx_word' id='word_1_90' title='bbox 367 949 619 1002; x_wconf 89' lang='lat' dir='ltr'>compediri</span> <span class='ocrx_word' id='word_1_91' title='bbox 637 962 662 989; x_wconf 93' lang='lat' dir='ltr'>a</span> <span class='ocrx_word' id='word_1_92' title='bbox 682 948 905 989; x_wconf 80' lang='lat' dir='ltr'>militibus</span> <span class='ocrx_word' id='word_1_93' title='bbox 923 948 1067 989; x_wconf 90' lang='lat' dir='ltr'>iussit.</span> <span class='ocrx_word' id='word_1_94' title='bbox 1116 948 1206 999; x_wconf 86' lang='lat' dir='ltr'>Qui</span> <span class='ocrx_word' id='word_1_95' title='bbox 1236 949 1346 988; x_wconf 91' lang='lat' dir='ltr'>dum</span> <span class='ocrx_word' id='word_1_96' title='bbox 1374 948 1495 1000; x_wconf 82' lang='lat' dir='ltr'>regio</span> <span class='ocrx_word' id='word_1_97' title='bbox 1520 947 1731 999; x_wconf 83' lang='lat' dir='ltr'>sanguini</span> <span class='ocrx_word' id='word_1_98' title='bbox 1760 956 1799 986; x_wconf 89' lang='lat'>10</span> 
     </span>
     <span class='ocr_line' id='line_1_12' title="bbox 83 1019 1731 1073; baseline 0 -13"><span class='ocrx_word' id='word_1_99' title='bbox 83 1024 258 1061; x_wconf 81' lang='lat' dir='ltr'>tantam</span> <span class='ocrx_word' id='word_1_100' title='bbox 291 1021 617 1062; x_wconf 90' lang='lat' dir='ltr'>contumeliam</span> <span class='ocrx_word' id='word_1_101' title='bbox 659 1021 823 1062; x_wconf 87' lang='lat' dir='ltr'>inferre</span> <span class='ocrx_word' id='word_1_102' title='bbox 856 1021 1042 1073; x_wconf 89' lang='lat' dir='ltr'>nollent,</span> <span class='ocrx_word' id='word_1_103' title='bbox 1086 1020 1260 1072; x_wconf 88' lang='lat' dir='ltr'>Ericus,</span> <span class='ocrx_word' id='word_1_104' title='bbox 1308 1021 1445 1060; x_wconf 82' lang='lat' dir='ltr'>frater</span> <span class='ocrx_word' id='word_1_105' title='bbox 1484 1019 1731 1072; x_wconf 78' lang='lat' dir='ltr'>Vtriusque,</span> 
     </span>
     <span class='ocr_line' id='line_1_13' title="bbox 83 1091 1731 1146; baseline -0.002 -12"><span class='ocrx_word' id='word_1_106' title='bbox 83 1093 322 1134; x_wconf 86' lang='lat' dir='ltr'>attendens</span> <span class='ocrx_word' id='word_1_107' title='bbox 353 1094 470 1146; x_wconf 85' lang='lat' dir='ltr'>regis</span> <span class='ocrx_word' id='word_1_108' title='bbox 510 1093 739 1134; x_wconf 87' lang='lat' dir='ltr'>iusticiam</span> <span class='ocrx_word' id='word_1_109' title='bbox 774 1098 815 1134; x_wconf 91' lang='lat' dir='ltr'>et</span> <span class='ocrx_word' id='word_1_110' title='bbox 847 1093 983 1135; x_wconf 87' lang='lat' dir='ltr'>Olaui</span> <span class='ocrx_word' id='word_1_111' title='bbox 1024 1093 1280 1146; x_wconf 87' lang='lat' dir='ltr'>perfidiam,</span> <span class='ocrx_word' id='word_1_112' title='bbox 1320 1106 1425 1133; x_wconf 89' lang='lat' dir='ltr'>eum</span> <span class='ocrx_word' id='word_1_113' title='bbox 1457 1091 1731 1141; x_wconf 77' lang='lat' dir='ltr'>vinculauit3</span> 
     </span>
     <span class='ocr_line' id='line_1_14' title="bbox 84 1164 1732 1220; baseline -0.001 -13"><span class='ocrx_word' id='word_1_114' title='bbox 84 1166 239 1220; x_wconf 87' lang='lat' dir='ltr'>sicque</span> <span class='ocrx_word' id='word_1_115' title='bbox 270 1166 475 1207; x_wconf 87' lang='lat' dir='ltr'>vinctum</span> <span class='ocrx_word' id='word_1_116' title='bbox 508 1180 585 1207; x_wconf 90' lang='lat' dir='ltr'>rex</span> <span class='ocrx_word' id='word_1_117' title='bbox 616 1166 802 1219; x_wconf 84' lang='lat' dir='ltr'>nauigio</span> <span class='ocrx_word' id='word_1_118' title='bbox 836 1166 959 1206; x_wconf 86' lang='lat' dir='ltr'>misit</span> <span class='ocrx_word' id='word_1_119' title='bbox 990 1166 1036 1206; x_wconf 91' lang='lat' dir='ltr'>in</span> <span class='ocrx_word' id='word_1_120' title='bbox 1063 1167 1097 1206; x_wconf 91' lang='lat' dir='ltr'>F</span> <span class='ocrx_word' id='word_1_121' title='bbox 1101 1165 1328 1206; x_wconf 89' lang='lat' dir='ltr'>landriam</span> <span class='ocrx_word' id='word_1_122' title='bbox 1362 1165 1530 1206; x_wconf 88' lang='lat' dir='ltr'>carceri</span> <span class='ocrx_word' id='word_1_123' title='bbox 1564 1164 1732 1205; x_wconf 90' lang='lat' dir='ltr'>manci-</span> 
     </span>
     <span class='ocr_line' id='line_1_15' title="bbox 84 1237 1730 1292; baseline -0.001 -13"><span class='ocrx_word' id='word_1_124' title='bbox 84 1239 303 1292; x_wconf 88' lang='lat' dir='ltr'>pandum.</span> <span class='ocrx_word' id='word_1_125' title='bbox 367 1238 483 1292; x_wconf 91' lang='lat' dir='ltr'>Socij</span> <span class='ocrx_word' id='word_1_126' title='bbox 519 1243 672 1280; x_wconf 92' lang='lat' dir='ltr'>autem</span> <span class='ocrx_word' id='word_1_127' title='bbox 706 1239 857 1290; x_wconf 90' lang='lat' dir='ltr'>Olaui,</span> <span class='ocrx_word' id='word_1_128' title='bbox 891 1239 1144 1280; x_wconf 89' lang='lat' dir='ltr'>nescientes</span> <span class='ocrx_word' id='word_1_129' title='bbox 1177 1252 1282 1279; x_wconf 90' lang='lat' dir='ltr'>eum</span> <span class='ocrx_word' id='word_1_130' title='bbox 1316 1242 1516 1291; x_wconf 90' lang='lat' dir='ltr'>captum,</span> <span class='ocrx_word' id='word_1_131' title='bbox 1550 1237 1730 1278; x_wconf 89' lang='lat' dir='ltr'>interim</span> 
     </span>
     <span class='ocr_line' id='line_1_16' title="bbox 83 1310 1799 1365; baseline -0.001 -15"><span class='ocrx_word' id='word_1_132' title='bbox 83 1311 269 1352; x_wconf 82' lang='lat' dir='ltr'>absente</span> <span class='ocrx_word' id='word_1_133' title='bbox 301 1322 402 1363; x_wconf 85' lang='lat' dir='ltr'>rege</span> <span class='ocrx_word' id='word_1_134' title='bbox 435 1311 651 1352; x_wconf 88' lang='lat' dir='ltr'>exercitui</span> <span class='ocrx_word' id='word_1_135' title='bbox 684 1315 1023 1365; x_wconf 88' lang='lat' dir='ltr'>persuaserunt,</span> <span class='ocrx_word' id='word_1_136' title='bbox 1062 1315 1108 1352; x_wconf 83' lang='lat' dir='ltr'>vt</span> <span class='ocrx_word' id='word_1_137' title='bbox 1139 1311 1194 1351; x_wconf 90' lang='lat' dir='ltr'>ad</span> <span class='ocrx_word' id='word_1_138' title='bbox 1230 1310 1415 1364; x_wconf 86' lang='lat' dir='ltr'>propria</span> <span class='ocrx_word' id='word_1_139' title='bbox 1456 1314 1730 1358; x_wconf 85' lang='lat' dir='ltr'>remearent;</span> <span class='ocrx_word' id='word_1_140' title='bbox 1759 1318 1799 1348; x_wconf 88' lang='lat'>15</span> 
     </span>
     <span class='ocr_line' id='line_1_17' title="bbox 84 1382 1731 1437; baseline -0.001 -14"><span class='ocrx_word' id='word_1_141' title='bbox 84 1383 172 1424; x_wconf 91' lang='lat' dir='ltr'>hoc</span> <span class='ocrx_word' id='word_1_142' title='bbox 203 1387 354 1424; x_wconf 90' lang='lat' dir='ltr'>autem</span> <span class='ocrx_word' id='word_1_143' title='bbox 395 1384 586 1425; x_wconf 89' lang='lat' dir='ltr'>latenter</span> <span class='ocrx_word' id='word_1_144' title='bbox 625 1384 842 1437; x_wconf 84' lang='lat' dir='ltr'>fecerunt,</span> <span class='ocrx_word' id='word_1_145' title='bbox 890 1398 960 1436; x_wconf 93' lang='lat' dir='ltr'>ne,</span> <span class='ocrx_word' id='word_1_146' title='bbox 1008 1384 1043 1424; x_wconf 89' lang='lat' dir='ltr'>si</span> <span class='ocrx_word' id='word_1_147' title='bbox 1076 1385 1165 1424; x_wconf 89' lang='lat' dir='ltr'>hoc</span> <span class='ocrx_word' id='word_1_148' title='bbox 1207 1383 1373 1437; x_wconf 89' lang='lat' dir='ltr'>aliquis</span> <span class='ocrx_word' id='word_1_149' title='bbox 1416 1382 1598 1436; x_wconf 92' lang='lat' dir='ltr'>publice</span> <span class='ocrx_word' id='word_1_150' title='bbox 1631 1395 1731 1422; x_wconf 90' lang='lat' dir='ltr'>sua-</span> 
     </span>
     <span class='ocr_line' id='line_1_18' title="bbox 83 1455 1731 1510; baseline -0.001 -13"><span class='ocrx_word' id='word_1_151' title='bbox 83 1455 229 1508; x_wconf 84' lang='lat' dir='ltr'>sisset,</span> <span class='ocrx_word' id='word_1_152' title='bbox 261 1456 444 1509; x_wconf 90' lang='lat' dir='ltr'>capitali</span> <span class='ocrx_word' id='word_1_153' title='bbox 476 1457 707 1497; x_wconf 82' lang='lat' dir='ltr'>sentencia</span> <span class='ocrx_word' id='word_1_154' title='bbox 741 1457 992 1510; x_wconf 88' lang='lat' dir='ltr'>puniretur.</span> <span class='ocrx_word' id='word_1_155' title='bbox 1049 1456 1252 1497; x_wconf 91' lang='lat' dir='ltr'>Audiens</span> <span class='ocrx_word' id='word_1_156' title='bbox 1284 1469 1362 1497; x_wconf 88' lang='lat' dir='ltr'>rex</span> <span class='ocrx_word' id='word_1_157' title='bbox 1394 1455 1641 1497; x_wconf 87' lang='lat' dir='ltr'>exercitum</span> <span class='ocrx_word' id='word_1_158' title='bbox 1675 1456 1731 1495; x_wconf 89' lang='lat' dir='ltr'>ad</span> 
     </span>
     <span class='ocr_line' id='line_1_19' title="bbox 83 1528 1732 1582; baseline -0.001 -13"><span class='ocrx_word' id='word_1_159' title='bbox 83 1529 268 1582; x_wconf 87' lang='lat' dir='ltr'>propria</span> <span class='ocrx_word' id='word_1_160' title='bbox 314 1541 552 1569; x_wconf 89' lang='lat' dir='ltr'>reuersum</span> <span class='ocrx_word' id='word_1_161' title='bbox 599 1529 749 1582; x_wconf 89' lang='lat' dir='ltr'>primo</span> <span class='ocrx_word' id='word_1_162' title='bbox 789 1530 1011 1581; x_wconf 91' lang='lat' dir='ltr'>dolorem,</span> <span class='ocrx_word' id='word_1_163' title='bbox 1058 1529 1223 1569; x_wconf 90' lang='lat' dir='ltr'>deinde</span> <span class='ocrx_word' id='word_1_164' title='bbox 1264 1528 1461 1569; x_wconf 85' lang='lat' dir='ltr'>leticiam</span> <span class='ocrx_word' id='word_1_165' title='bbox 1504 1528 1732 1581; x_wconf 83' lang='lat' dir='ltr'>concepit;</span> 
     </span>
     <span class='ocr_line' id='line_1_20' title="bbox 84 1600 1732 1655; baseline -0.001 -13"><span class='ocrx_word' id='word_1_166' title='bbox 84 1602 296 1654; x_wconf 89' lang='lat' dir='ltr'>sperabat</span> <span class='ocrx_word' id='word_1_167' title='bbox 328 1601 450 1642; x_wconf 91' lang='lat' dir='ltr'>enim</span> <span class='ocrx_word' id='word_1_168' title='bbox 483 1601 574 1642; x_wconf 92' lang='lat' dir='ltr'>iam</span> <span class='ocrx_word' id='word_1_169' title='bbox 609 1615 688 1655; x_wconf 88' lang='lat' dir='ltr'>per</span> <span class='ocrx_word' id='word_1_170' title='bbox 719 1602 856 1642; x_wconf 86' lang='lat' dir='ltr'>istum</span> <span class='ocrx_word' id='word_1_171' title='bbox 891 1601 1088 1642; x_wconf 89' lang='lat' dir='ltr'>reditum</span> <span class='ocrx_word' id='word_1_172' title='bbox 1126 1601 1295 1642; x_wconf 90' lang='lat' dir='ltr'>habere</span> <span class='ocrx_word' id='word_1_173' title='bbox 1327 1600 1617 1642; x_wconf 86' lang='lat' dir='ltr'>occasionem</span> <span class='ocrx_word' id='word_1_174' title='bbox 1651 1613 1732 1653; x_wconf 89' lang='lat' dir='ltr'>pro</span> 
     </span>
     <span class='ocr_line' id='line_1_21' title="bbox 83 1673 1800 1727; baseline -0.002 -13"><span class='ocrx_word' id='word_1_175' title='bbox 83 1673 272 1714; x_wconf 87' lang='lat' dir='ltr'>decimis</span> <span class='ocrx_word' id='word_1_176' title='bbox 304 1674 640 1727; x_wconf 85' lang='lat' dir='ltr'>extorquendis.</span> <span class='ocrx_word' id='word_1_177' title='bbox 689 1674 954 1715; x_wconf 88' lang='lat' dir='ltr'>Conuocata</span> <span class='ocrx_word' id='word_1_178' title='bbox 979 1674 1115 1726; x_wconf 83' lang='lat' dir='ltr'>igitur</span> <span class='ocrx_word' id='word_1_179' title='bbox 1134 1673 1426 1714; x_wconf 89' lang='lat' dir='ltr'>multitudine</span> <span class='ocrx_word' id='word_1_180' title='bbox 1453 1673 1564 1714; x_wconf 83' lang='lat' dir='ltr'>dixit</span> <span class='ocrx_word' id='word_1_181' title='bbox 1589 1673 1731 1713; x_wconf 90' lang='lat' dir='ltr'>multa</span> <span class='ocrx_word' id='word_1_182' title='bbox 1758 1681 1800 1711; x_wconf 89' lang='lat'>20</span> 
     </span>
     <span class='ocr_line' id='line_1_22' title="bbox 83 1745 1731 1800; baseline -0.001 -14"><span class='ocrx_word' id='word_1_183' title='bbox 83 1747 139 1786; x_wconf 91' lang='lat' dir='ltr'>de</span> <span class='ocrx_word' id='word_1_184' title='bbox 170 1746 363 1800; x_wconf 89' lang='lat' dir='ltr'>pristina</span> <span class='ocrx_word' id='word_1_185' title='bbox 390 1747 629 1787; x_wconf 82' lang='lat' dir='ltr'>Danorum</span> <span class='ocrx_word' id='word_1_186' title='bbox 663 1747 889 1800; x_wconf 82' lang='lat' dir='ltr'>probitate</span> <span class='ocrx_word' id='word_1_187' title='bbox 922 1751 964 1788; x_wconf 90' lang='lat' dir='ltr'>et</span> <span class='ocrx_word' id='word_1_188' title='bbox 994 1748 1049 1787; x_wconf 91' lang='lat' dir='ltr'>de</span> <span class='ocrx_word' id='word_1_189' title='bbox 1076 1747 1297 1787; x_wconf 89' lang='lat' dir='ltr'>moderna</span> <span class='ocrx_word' id='word_1_190' title='bbox 1331 1759 1490 1786; x_wconf 91' lang='lat' dir='ltr'>eorum</span> <span class='ocrx_word' id='word_1_191' title='bbox 1523 1745 1731 1798; x_wconf 82' lang='lat' dir='ltr'>segnicie‚</span> 
     </span>
     <span class='ocr_line' id='line_1_23' title="bbox 84 1818 1733 1873; baseline -0.001 -14"><span class='ocrx_word' id='word_1_192' title='bbox 84 1819 363 1872; x_wconf 82' lang='lat' dir='ltr'>qualiterque</span> <span class='ocrx_word' id='word_1_193' title='bbox 391 1818 677 1872; x_wconf 90' lang='lat' dir='ltr'>principibus</span> <span class='ocrx_word' id='word_1_194' title='bbox 709 1833 733 1860; x_wconf 92' lang='lat' dir='ltr'>a</span> <span class='ocrx_word' id='word_1_195' title='bbox 768 1821 940 1873; x_wconf 91' lang='lat' dir='ltr'>populo</span> <span class='ocrx_word' id='word_1_196' title='bbox 973 1819 1387 1872; x_wconf 87' lang='lat' dir='ltr'>obtemperandum</span> <span class='ocrx_word' id='word_1_197' title='bbox 1421 1822 1542 1870; x_wconf 84' lang='lat' dir='ltr'>esset,</span> <span class='ocrx_word' id='word_1_198' title='bbox 1575 1818 1733 1858; x_wconf 86' lang='lat' dir='ltr'>adiun-</span> 
     </span>
     <span class='ocr_line' id='line_1_24' title="bbox 83 1891 1732 1946; baseline -0.001 -14"><span class='ocrx_word' id='word_1_199' title='bbox 83 1902 192 1943; x_wconf 83' lang='lat' dir='ltr'>gens</span> <span class='ocrx_word' id='word_1_200' title='bbox 230 1891 277 1932; x_wconf 94' lang='lat' dir='ltr'>in</span> <span class='ocrx_word' id='word_1_201' title='bbox 317 1891 408 1933; x_wconf 87' lang='lat' dir='ltr'>fine</span> <span class='ocrx_word' id='word_1_202' title='bbox 455 1893 510 1933; x_wconf 91' lang='lat' dir='ltr'>de</span> <span class='ocrx_word' id='word_1_203' title='bbox 548 1896 814 1946; x_wconf 90' lang='lat' dir='ltr'>contemptu</span> <span class='ocrx_word' id='word_1_204' title='bbox 854 1893 939 1933; x_wconf 92' lang='lat' dir='ltr'>sibi</span> <span class='ocrx_word' id='word_1_205' title='bbox 983 1892 1102 1933; x_wconf 88' lang='lat' dir='ltr'>facto</span> <span class='ocrx_word' id='word_1_206' title='bbox 1135 1904 1214 1945; x_wconf 90' lang='lat' dir='ltr'>per</span> <span class='ocrx_word' id='word_1_207' title='bbox 1245 1891 1440 1932; x_wconf 89' lang='lat' dir='ltr'>reditum</span> <span class='ocrx_word' id='word_1_208' title='bbox 1484 1903 1642 1932; x_wconf 87' lang='lat' dir='ltr'>eorum</span> <span class='ocrx_word' id='word_1_209' title='bbox 1675 1891 1732 1931; x_wconf 91' lang='lat' dir='ltr'>ab</span> 
     </span>
     <span class='ocr_line' id='line_1_25' title="bbox 85 1964 1734 2018; baseline 0 -14"><span class='ocrx_word' id='word_1_210' title='bbox 85 1964 402 2018; x_wconf 88' lang='lat' dir='ltr'>expedicione;</span> <span class='ocrx_word' id='word_1_211' title='bbox 450 1964 692 2018; x_wconf 82' lang='lat' dir='ltr'>edixitque,</span> <span class='ocrx_word' id='word_1_212' title='bbox 733 1969 778 2005; x_wconf 90' lang='lat' dir='ltr'>vt</span> <span class='ocrx_word' id='word_1_213' title='bbox 810 1978 891 2018; x_wconf 88' lang='lat' dir='ltr'>pro</span> <span class='ocrx_word' id='word_1_214' title='bbox 932 1966 1020 2006; x_wconf 88' lang='lat' dir='ltr'>hac</span> <span class='ocrx_word' id='word_1_215' title='bbox 1058 1965 1193 2017; x_wconf 90' lang='lat' dir='ltr'>culpa</span> <span class='ocrx_word' id='word_1_216' title='bbox 1235 1964 1427 2018; x_wconf 88' lang='lat' dir='ltr'>quilibet</span> <span class='ocrx_word' id='word_1_217' title='bbox 1457 1964 1734 2016; x_wconf 81' lang='lat' dir='ltr'>gubelnator</span> 
     </span>
     <span class='ocr_line' id='line_1_26' title="bbox 85 2036 1800 2091; baseline -0.002 -14"><span class='ocrx_word' id='word_1_218' title='bbox 85 2037 282 2077; x_wconf 88' lang='lat' dir='ltr'>solueret</span> <span class='ocrx_word' id='word_1_219' title='bbox 313 2037 424 2078; x_wconf 68' lang='lat' dir='ltr'>,XL²³.</span> <span class='ocrx_word' id='word_1_220' title='bbox 457 2038 626 2078; x_wconf 88' lang='lat' dir='ltr'>talenta</span> <span class='ocrx_word' id='word_1_221' title='bbox 666 2038 890 2078; x_wconf 79' lang='lat' dir='ltr'>eurientis</span> <span class='ocrx_word' id='word_1_222' title='bbox 921 2041 1118 2089; x_wconf 83' lang='lat' dir='ltr'>monete,</span> <span class='ocrx_word' id='word_1_223' title='bbox 1161 2040 1203 2077; x_wconf 92' lang='lat' dir='ltr'>et</span> <span class='ocrx_word' id='word_1_224' title='bbox 1233 2036 1423 2091; x_wconf 90' lang='lat' dir='ltr'>quilibet</span> <span class='ocrx_word' id='word_1_225' title='bbox 1454 2049 1609 2077; x_wconf 90' lang='lat' dir='ltr'>remex</span> <span class='ocrx_word' id='word_1_226' title='bbox 1647 2036 1732 2076; x_wconf 83' lang='lat' dir='ltr'>tria</span> <span class='ocrx_word' id='word_1_227' title='bbox 1758 2044 1800 2073; x_wconf 89' lang='lat'>25</span> 
     </span>
     <span class='ocr_line' id='line_1_27' title="bbox 84 2092 1732 2164; baseline -0.001 -15"><span class='ocrx_word' id='word_1_228' title='bbox 84 2109 265 2150; x_wconf 91' lang='lat' dir='ltr'>talenta.</span> <span class='ocrx_word' id='word_1_229' title='bbox 314 2110 487 2152; x_wconf 91' lang='lat' dir='ltr'>Omnes</span> <span class='ocrx_word' id='word_1_230' title='bbox 513 2111 636 2151; x_wconf 91' lang='lat' dir='ltr'>hanc</span> <span class='ocrx_word' id='word_1_231' title='bbox 659 2092 826 2164; x_wconf 84' lang='lat' dir='ltr'>penam</span> <span class='ocrx_word' id='word_1_232' title='bbox 860 2110 1172 2164; x_wconf 87' lang='lat' dir='ltr'>acceptabant.</span> <span class='ocrx_word' id='word_1_233' title='bbox 1221 2110 1429 2164; x_wconf 91' lang='lat' dir='ltr'>Cumque</span> <span class='ocrx_word' id='word_1_234' title='bbox 1455 2122 1533 2149; x_wconf 87' lang='lat' dir='ltr'>rex</span> <span class='ocrx_word' id='word_1_235' title='bbox 1551 2109 1732 2160; x_wconf 88' lang='lat' dir='ltr'>diceret,</span> 
     </span>
     <span class='ocr_line' id='line_1_28' title="bbox 85 2181 1732 2236; baseline -0.001 -14"><span class='ocrx_word' id='word_1_236' title='bbox 85 2182 209 2235; x_wconf 88' lang='lat' dir='ltr'>quod</span> <span class='ocrx_word' id='word_1_237' title='bbox 234 2182 356 2223; x_wconf 92' lang='lat' dir='ltr'>hanc</span> <span class='ocrx_word' id='word_1_238' title='bbox 381 2195 549 2236; x_wconf 89' lang='lat' dir='ltr'>penam</span> <span class='ocrx_word' id='word_1_239' title='bbox 576 2183 640 2223; x_wconf 91' lang='lat' dir='ltr'>eis</span> <span class='ocrx_word' id='word_1_240' title='bbox 664 2183 923 2236; x_wconf 88' lang='lat' dir='ltr'>remitteret,</span> <span class='ocrx_word' id='word_1_241' title='bbox 956 2183 1211 2223; x_wconf 88' lang='lat' dir='ltr'>dummodo</span> <span class='ocrx_word' id='word_1_242' title='bbox 1236 2181 1438 2222; x_wconf 92' lang='lat' dir='ltr'>decimas</span> <span class='ocrx_word' id='word_1_243' title='bbox 1463 2182 1635 2233; x_wconf 90' lang='lat' dir='ltr'>darent,</span> <span class='ocrx_word' id='word_1_244' title='bbox 1667 2181 1732 2221; x_wconf 90' lang='lat' dir='ltr'>illi</span> 
     </span>
     <span class='ocr_line' id='line_1_29' title="bbox 85 2253 1730 2308; baseline 0 -14"><span class='ocrx_word' id='word_1_245' title='bbox 85 2253 243 2295; x_wconf 92' lang='lat' dir='ltr'>habito</span> <span class='ocrx_word' id='word_1_246' title='bbox 271 2254 387 2295; x_wconf 86' lang='lat' dir='ltr'>inter</span> <span class='ocrx_word' id='word_1_247' title='bbox 412 2268 459 2295; x_wconf 96' lang='lat' dir='ltr'>se</span> <span class='ocrx_word' id='word_1_248' title='bbox 486 2255 679 2296; x_wconf 87' lang='lat' dir='ltr'>consilio</span> <span class='ocrx_word' id='word_1_249' title='bbox 703 2256 1053 2308; x_wconf 87' lang='lat' dir='ltr'>responderunt,</span> <span class='ocrx_word' id='word_1_250' title='bbox 1084 2254 1445 2307; x_wconf 85' lang='lat' dir='ltr'>ignominiosum</span> <span class='ocrx_word' id='word_1_251' title='bbox 1472 2266 1581 2303; x_wconf 90' lang='lat' dir='ltr'>esse,</span> <span class='ocrx_word' id='word_1_252' title='bbox 1609 2255 1730 2308; x_wconf 92' lang='lat' dir='ltr'>quod</span> 
     </span>
     <span class='ocr_line' id='line_1_30' title="bbox 85 2326 1731 2378; baseline 0 -12"><span class='ocrx_word' id='word_1_253' title='bbox 85 2326 313 2367; x_wconf 90' lang='lat' dir='ltr'>tributarii</span> <span class='ocrx_word' id='word_1_254' title='bbox 355 2327 556 2368; x_wconf 86' lang='lat' dir='ltr'>ecelesiis</span> <span class='ocrx_word' id='word_1_255' title='bbox 595 2328 812 2368; x_wconf 90' lang='lat' dir='ltr'>deberent</span> <span class='ocrx_word' id='word_1_256' title='bbox 851 2341 961 2378; x_wconf 91' lang='lat' dir='ltr'>esse,</span> <span class='ocrx_word' id='word_1_257' title='bbox 1008 2340 1092 2368; x_wconf 89' lang='lat' dir='ltr'>nec</span> <span class='ocrx_word' id='word_1_258' title='bbox 1132 2340 1178 2368; x_wconf 92' lang='lat' dir='ltr'>se</span> <span class='ocrx_word' id='word_1_259' title='bbox 1216 2327 1330 2367; x_wconf 87' lang='lat' dir='ltr'>velle</span> <span class='ocrx_word' id='word_1_260' title='bbox 1361 2326 1482 2367; x_wconf 90' lang='lat' dir='ltr'>filios</span> <span class='ocrx_word' id='word_1_261' title='bbox 1521 2339 1628 2367; x_wconf 92' lang='lat' dir='ltr'>suos</span> <span class='ocrx_word' id='word_1_262' title='bbox 1674 2326 1731 2367; x_wconf 91' lang='lat' dir='ltr'>ad</span> 
     </span>
     <span class='ocr_line' id='line_1_31' title="bbox 85 2399 1798 2454; baseline -0.001 -15"><span class='ocrx_word' id='word_1_263' title='bbox 85 2399 222 2440; x_wconf 88' lang='lat' dir='ltr'>talem</span> <span class='ocrx_word' id='word_1_264' title='bbox 255 2412 445 2440; x_wconf 89' lang='lat' dir='ltr'>censum</span> <span class='ocrx_word' id='word_1_265' title='bbox 477 2400 525 2440; x_wconf 91' lang='lat' dir='ltr'>in</span> <span class='ocrx_word' id='word_1_266' title='bbox 557 2405 831 2454; x_wconf 90' lang='lat' dir='ltr'>perpetuum</span> <span class='ocrx_word' id='word_1_267' title='bbox 863 2400 1077 2452; x_wconf 83' lang='lat' dir='ltr'>obligare.</span> <span class='ocrx_word' id='word_1_268' title='bbox 1756 2407 1798 2437; x_wconf 92' lang='lat'>30</span> 
     </span>
    </p>
   </div>
   <div class='ocr_carea' id='block_1_3' title="bbox 85 2523 1734 2858">
    <p class='ocr_par' dir='ltr' id='par_1_3' title="bbox 85 2523 1734 2858">
     <span class='ocr_line' id='line_1_32' title="bbox 177 2523 1734 2572; baseline -0.001 -12"><span class='ocrx_word' id='word_1_269' title='bbox 177 2525 208 2560; x_wconf 95' lang='lat'>1.</span> <span class='ocrx_word' id='word_1_270' title='bbox 247 2525 484 2561; x_wconf 83' lang='lat' dir='ltr'>consentire</span> <span class='ocrx_word' id='word_1_271' title='bbox 523 2525 686 2572; x_wconf 79' lang='lat' dir='ltr'>scripsi3</span> <span class='ocrx_word' id='word_1_272' title='bbox 733 2525 963 2561; x_wconf 88' lang='lat' dir='ltr'>conuenire</span> <span class='ocrx_word' id='word_1_273' title='bbox 999 2525 1127 2569; x_wconf 75' lang='lat' dir='ltr'>codd..</span> <span class='ocrx_word' id='word_1_274' title='bbox 1174 2524 1242 2559; x_wconf 83' lang='lat' dir='ltr'>sed</span> <span class='ocrx_word' id='word_1_275' title='bbox 1275 2523 1315 2559; x_wconf 84' lang='lat' dir='ltr'>in</span> <span class='ocrx_word' id='word_1_276' title='bbox 1348 2524 1381 2559; x_wconf 90' lang='lat' dir='ltr'>D</span> <span class='ocrx_word' id='word_1_277' title='bbox 1413 2534 1462 2559; x_wconf 75' lang='lat' dir='ltr'>ex</span> <span class='ocrx_word' id='word_1_278' title='bbox 1491 2524 1734 2560; x_wconf 78' lang='lat' dir='ltr'>correctione</span> 
     </span>
     <span class='ocr_line' id='line_1_33' title="bbox 86 2580 1733 2628; baseline -0.001 -11"><span class='ocrx_word' id='word_1_279' title='bbox 86 2592 196 2618; x_wconf 80' lang='lat' dir='ltr'>man.</span> <span class='ocrx_word' id='word_1_280' title='bbox 223 2580 247 2617; x_wconf 89' lang='lat'><strong><em>3</em></strong></span> <span class='ocrx_word' id='word_1_281' title='bbox 275 2593 353 2628; x_wconf 78' lang='lat' dir='ltr'>pro</span> <span class='ocrx_word' id='word_1_282' title='bbox 383 2582 508 2618; x_wconf 83' lang='lat' dir='ltr'>deleto</span> <span class='ocrx_word' id='word_1_283' title='bbox 540 2582 621 2618; x_wconf 80' lang='lat' dir='ltr'>alio</span> <span class='ocrx_word' id='word_1_284' title='bbox 654 2581 782 2618; x_wconf 80' lang='lat' dir='ltr'>verbo.</span> <span class='ocrx_word' id='word_1_285' title='bbox 851 2583 887 2618; x_wconf 90' lang='lat'>2.</span> <span class='ocrx_word' id='word_1_286' title='bbox 918 2582 1150 2628; x_wconf 85' lang='lat' dir='ltr'>lymfyorth</span> <span class='ocrx_word' id='word_1_287' title='bbox 1176 2582 1230 2625; x_wconf 79' lang='lat' dir='ltr'>D3</span> <span class='ocrx_word' id='word_1_288' title='bbox 1262 2580 1448 2627; x_wconf 89' lang='lat' dir='ltr'>limfjord</span> <span class='ocrx_word' id='word_1_289' title='bbox 1474 2581 1513 2617; x_wconf 91' lang='lat' dir='ltr'>S.</span> <span class='ocrx_word' id='word_1_290' title='bbox 1589 2592 1733 2628; x_wconf 90' lang='lat' dir='ltr'>expec-</span> 
     </span>
     <span class='ocr_line' id='line_1_34' title="bbox 85 2638 1731 2685; baseline 0 -11"><span class='ocrx_word' id='word_1_291' title='bbox 85 2638 201 2675; x_wconf 85' lang='lat' dir='ltr'>tabat</span> <span class='ocrx_word' id='word_1_292' title='bbox 232 2639 271 2675; x_wconf 92' lang='lat' dir='ltr'>S.</span> <span class='ocrx_word' id='word_1_293' title='bbox 355 2640 391 2678; x_wconf 86' lang='lat'>3.</span> <span class='ocrx_word' id='word_1_294' title='bbox 424 2639 736 2676; x_wconf 73' lang='lat' dir='ltr'>trantteundum</span> <span class='ocrx_word' id='word_1_295' title='bbox 771 2639 811 2675; x_wconf 92' lang='lat' dir='ltr'>S.</span> <span class='ocrx_word' id='word_1_296' title='bbox 901 2640 1010 2675; x_wconf 88' lang='lat'>4—5.</span> <span class='ocrx_word' id='word_1_297' title='bbox 1043 2639 1100 2675; x_wconf 90' lang='lat' dir='ltr'>ait</span> <span class='ocrx_word' id='word_1_298' title='bbox 1130 2640 1224 2685; x_wconf 81' lang='lat' dir='ltr'>(pro</span> <span class='ocrx_word' id='word_1_299' title='bbox 1256 2640 1341 2682; x_wconf 82' lang='lat' dir='ltr'>aut)</span> <span class='ocrx_word' id='word_1_300' title='bbox 1374 2640 1541 2685; x_wconf 78' lang='lat' dir='ltr'>utroque</span> <span class='ocrx_word' id='word_1_301' title='bbox 1572 2639 1655 2674; x_wconf 87' lang='lat' dir='ltr'>Ioco</span> <span class='ocrx_word' id='word_1_302' title='bbox 1687 2639 1731 2674; x_wconf 93' lang='lat' dir='ltr'>V.</span> 
     </span>
     <span class='ocr_line' id='line_1_35' title="bbox 87 2695 1731 2733; baseline -0.001 -1"><span class='ocrx_word' id='word_1_303' title='bbox 87 2696 124 2732; x_wconf 88' lang='lat'>5.</span> <span class='ocrx_word' id='word_1_304' title='bbox 167 2696 257 2732; x_wconf 88' lang='lat' dir='ltr'>eius</span> <span class='ocrx_word' id='word_1_305' title='bbox 289 2697 333 2733; x_wconf 93' lang='lat' dir='ltr'>V.</span> <span class='ocrx_word' id='word_1_306' title='bbox 422 2696 502 2733; x_wconf 89' lang='lat' dir='ltr'>sibi</span> <span class='ocrx_word' id='word_1_307' title='bbox 549 2708 628 2733; x_wconf 88' lang='lat' dir='ltr'>om.</span> <span class='ocrx_word' id='word_1_308' title='bbox 675 2697 758 2733; x_wconf 91' lang='lat' dir='ltr'>DV.</span> <span class='ocrx_word' id='word_1_309' title='bbox 848 2698 883 2733; x_wconf 91' lang='lat'>6.</span> <span class='ocrx_word' id='word_1_310' title='bbox 930 2696 1101 2733; x_wconf 83' lang='lat' dir='ltr'>effectus</span> <span class='ocrx_word' id='word_1_311' title='bbox 1147 2696 1186 2732; x_wconf 91' lang='lat' dir='ltr'>S.</span> <span class='ocrx_word' id='word_1_312' title='bbox 1276 2696 1318 2731; x_wconf 88' lang='lat' dir='ltr'>in</span> <span class='ocrx_word' id='word_1_313' title='bbox 1366 2695 1474 2731; x_wconf 90' lang='lat' dir='ltr'>diem</span> <span class='ocrx_word' id='word_1_314' title='bbox 1523 2706 1600 2731; x_wconf 84' lang='lat' dir='ltr'>om.</span> <span class='ocrx_word' id='word_1_315' title='bbox 1649 2696 1731 2731; x_wconf 92' lang='lat' dir='ltr'>DV.</span> 
     </span>
     <span class='ocr_line' id='line_1_36' title="bbox 87 2752 1730 2799; baseline -0.001 -10"><span class='ocrx_word' id='word_1_316' title='bbox 87 2754 122 2789; x_wconf 92' lang='lat'>8.</span> <span class='ocrx_word' id='word_1_317' title='bbox 171 2753 346 2790; x_wconf 73' lang='lat' dir='ltr'>sleswiik</span> <span class='ocrx_word' id='word_1_318' title='bbox 392 2754 443 2799; x_wconf 93' lang='lat' dir='ltr'>D;</span> <span class='ocrx_word' id='word_1_319' title='bbox 492 2754 676 2791; x_wconf 78' lang='lat' dir='ltr'>sleswich</span> <span class='ocrx_word' id='word_1_320' title='bbox 725 2753 772 2799; x_wconf 90' lang='lat' dir='ltr'>S;</span> <span class='ocrx_word' id='word_1_321' title='bbox 820 2753 1018 2790; x_wconf 77' lang='lat' dir='ltr'>t&#39;laeswich</span> <span class='ocrx_word' id='word_1_322' title='bbox 1063 2753 1108 2789; x_wconf 89' lang='lat' dir='ltr'>V.</span> <span class='ocrx_word' id='word_1_323' title='bbox 1206 2754 1240 2789; x_wconf 88' lang='grc'>9.</span> <span class='ocrx_word' id='word_1_324' title='bbox 1288 2763 1336 2788; x_wconf 87' lang='lat' dir='ltr'>ex</span> <span class='ocrx_word' id='word_1_325' title='bbox 1381 2752 1602 2799; x_wconf 88' lang='lat' dir='ltr'>inopinatu</span> <span class='ocrx_word' id='word_1_326' title='bbox 1649 2753 1730 2788; x_wconf 92' lang='lat' dir='ltr'>DV.</span> 
     </span>
     <span class='ocr_line' id='line_1_37' title="bbox 91 2810 1732 2858; baseline -0.001 -12"><span class='ocrx_word' id='word_1_327' title='bbox 91 2810 152 2847; x_wconf 88' lang='lat'>12.</span> <span class='ocrx_word' id='word_1_328' title='bbox 192 2810 368 2847; x_wconf 89' lang='lat' dir='ltr'>tendens</span> <span class='ocrx_word' id='word_1_329' title='bbox 408 2811 486 2849; x_wconf 75' lang='lat' dir='ltr'>As.</span> <span class='ocrx_word' id='word_1_330' title='bbox 580 2811 641 2847; x_wconf 91' lang='lat'>13.</span> <span class='ocrx_word' id='word_1_331' title='bbox 689 2811 856 2858; x_wconf 83' lang='lat' dir='ltr'>nauigio</span> <span class='ocrx_word' id='word_1_332' title='bbox 897 2821 969 2847; x_wconf 89' lang='lat' dir='ltr'>rex</span> <span class='ocrx_word' id='word_1_333' title='bbox 1011 2821 1105 2846; x_wconf 91' lang='lat' dir='ltr'>eum</span> <span class='ocrx_word' id='word_1_334' title='bbox 1153 2810 1266 2845; x_wconf 87' lang='lat' dir='ltr'>misit</span> <span class='ocrx_word' id='word_1_335' title='bbox 1312 2810 1369 2846; x_wconf 87' lang='lat' dir='ltr'>Fl.</span> <span class='ocrx_word' id='word_1_336' title='bbox 1413 2810 1488 2845; x_wconf 71' lang='lat' dir='ltr'>AS.</span> <span class='ocrx_word' id='word_1_337' title='bbox 1578 2810 1732 2845; x_wconf 87' lang='lat' dir='ltr'>manci-</span> 
     </span>
    </p>
   </div>
   <div class='ocr_carea' id='block_1_4' title="bbox 20 2859 1732 2914">
    <p class='ocr_par' dir='ltr' id='par_1_4' title="bbox 20 2859 1732 2914">
     <span class='ocr_line' id='line_1_38' title="bbox 20 2859 1732 2914; baseline -0.001 -11"><span class='ocrx_word' id='word_1_338' title='bbox 20 2859 25 2864; x_wconf 45' lang='lat'><em>*</em></span> <span class='ocrx_word' id='word_1_339' title='bbox 88 2867 270 2914; x_wconf 88' lang='lat' dir='ltr'>pandam</span> <span class='ocrx_word' id='word_1_340' title='bbox 302 2868 347 2907; x_wconf 82' lang='grc' dir='ltr'>Α.</span> <span class='ocrx_word' id='word_1_341' title='bbox 440 2869 504 2906; x_wconf 89' lang='grc'>14.</span> <span class='ocrx_word' id='word_1_342' title='bbox 547 2869 690 2904; x_wconf 88' lang='lat' dir='ltr'>intrim</span> <span class='ocrx_word' id='word_1_343' title='bbox 724 2868 763 2905; x_wconf 89' lang='lat' dir='ltr'>S.</span> <span class='ocrx_word' id='word_1_344' title='bbox 856 2869 918 2904; x_wconf 90' lang='lat'>17.</span> <span class='ocrx_word' id='word_1_345' title='bbox 957 2878 1029 2903; x_wconf 88' lang='lat' dir='ltr'>rex</span> <span class='ocrx_word' id='word_1_346' title='bbox 1070 2866 1190 2903; x_wconf 75' lang='lat' dir='ltr'>habet</span> <span class='ocrx_word' id='word_1_347' title='bbox 1220 2866 1248 2902; x_wconf 93' lang='lat' dir='ltr'>S</span> <span class='ocrx_word' id='word_1_348' title='bbox 1279 2867 1398 2903; x_wconf 79' lang='lat' dir='ltr'>solus.</span> <span class='ocrx_word' id='word_1_349' title='bbox 1488 2867 1551 2902; x_wconf 86' lang='lat'>21.</span> <span class='ocrx_word' id='word_1_350' title='bbox 1593 2866 1732 2902; x_wconf 91' lang='lat' dir='ltr'>mode—</span> 
     </span>
    </p>
   </div>
   <div class='ocr_carea' id='block_1_5' title="bbox 88 2923 1730 3085">
    <p class='ocr_par' dir='ltr' id='par_1_5' title="bbox 88 2923 1730 3085">
     <span class='ocr_line' id='line_1_39' title="bbox 88 2923 1730 2972; baseline -0.001 -12"><span class='ocrx_word' id='word_1_351' title='bbox 88 2935 190 2960; x_wconf 86' lang='lat' dir='ltr'>rana</span> <span class='ocrx_word' id='word_1_352' title='bbox 203 2927 241 2970; x_wconf 82' lang='lat' dir='ltr'>(l)</span> <span class='ocrx_word' id='word_1_353' title='bbox 268 2925 351 2961; x_wconf 88' lang='lat' dir='ltr'>DV.</span> <span class='ocrx_word' id='word_1_354' title='bbox 412 2926 476 2962; x_wconf 87' lang='lat'>22.</span> <span class='ocrx_word' id='word_1_355' title='bbox 510 2925 714 2972; x_wconf 87' lang='lat' dir='ltr'>qualiter.</span> <span class='ocrx_word' id='word_1_356' title='bbox 734 2955 740 2961; x_wconf 93' lang='lat'>.</span> <span class='ocrx_word' id='word_1_357' title='bbox 759 2925 842 2961; x_wconf 91' lang='lat' dir='ltr'>obt.</span> <span class='ocrx_word' id='word_1_358' title='bbox 869 2928 931 2961; x_wconf 88' lang='lat' dir='ltr'>est</span> <span class='ocrx_word' id='word_1_359' title='bbox 953 2924 1078 2969; x_wconf 70' lang='lat' dir='ltr'>codd„</span> <span class='ocrx_word' id='word_1_360' title='bbox 1108 2924 1274 2960; x_wconf 67' lang='lat' dir='ltr'>correxi.</span> <span class='ocrx_word' id='word_1_361' title='bbox 1349 2935 1371 2959; x_wconf 89' lang='lat' dir='ltr'>a</span> <span class='ocrx_word' id='word_1_362' title='bbox 1404 2923 1562 2970; x_wconf 87' lang='lat' dir='ltr'>populo</span> <span class='ocrx_word' id='word_1_363' title='bbox 1588 2935 1665 2960; x_wconf 86' lang='lat' dir='ltr'>om.</span> <span class='ocrx_word' id='word_1_364' title='bbox 1692 2924 1730 2959; x_wconf 93' lang='lat' dir='ltr'>S.</span> 
     </span>
     <span class='ocr_line' id='line_1_40' title="bbox 90 2979 1730 3029; baseline -0.001 -11"><span class='ocrx_word' id='word_1_365' title='bbox 90 2982 153 3018; x_wconf 86' lang='lat'>24.</span> <span class='ocrx_word' id='word_1_366' title='bbox 187 2987 211 3029; x_wconf 71' lang='lat' dir='ltr'>p</span> <span class='ocrx_word' id='word_1_367' title='bbox 243 2983 337 3028; x_wconf 83' lang='lat' dir='ltr'>(pro</span> <span class='ocrx_word' id='word_1_368' title='bbox 364 2985 406 3029; x_wconf 68' lang='lat' dir='ltr'>p)</span> <span class='ocrx_word' id='word_1_369' title='bbox 438 2984 482 3019; x_wconf 94' lang='lat' dir='ltr'>D.</span> <span class='ocrx_word' id='word_1_370' title='bbox 563 2979 666 3029; x_wconf 73' lang='lat' dir='ltr'>quib=</span> <span class='ocrx_word' id='word_1_371' title='bbox 699 2983 739 3019; x_wconf 93' lang='lat' dir='ltr'>S.</span> <span class='ocrx_word' id='word_1_372' title='bbox 807 2983 870 3019; x_wconf 87' lang='lat'>25.</span> <span class='ocrx_word' id='word_1_373' title='bbox 903 2982 1057 3018; x_wconf 83' lang='lat' dir='ltr'>talenta</span> <span class='ocrx_word' id='word_1_374' title='bbox 1079 2996 1123 3013; x_wconf 69' lang='grc' dir='ltr'><em>Ξ</em></span> <span class='ocrx_word' id='word_1_375' title='bbox 1147 2992 1321 3017; x_wconf 89' lang='lat' dir='ltr'>marcas.</span> <span class='ocrx_word' id='word_1_376' title='bbox 1392 2982 1455 3016; x_wconf 89' lang='lat'>27.</span> <span class='ocrx_word' id='word_1_377' title='bbox 1487 2981 1546 3017; x_wconf 88' lang='lat' dir='ltr'>eis</span> <span class='ocrx_word' id='word_1_378' title='bbox 1579 2992 1657 3017; x_wconf 85' lang='lat' dir='ltr'>om.</span> <span class='ocrx_word' id='word_1_379' title='bbox 1692 2981 1730 3017; x_wconf 96' lang='lat' dir='ltr'>S.</span> 
     </span>
     <span class='ocr_line' id='line_1_41' title="bbox 92 3038 753 3085; baseline 0.002 -9"><span class='ocrx_word' id='word_1_380' title='bbox 92 3039 154 3076; x_wconf 88' lang='grc'>30.</span> <span class='ocrx_word' id='word_1_381' title='bbox 186 3050 356 3076; x_wconf 90' lang='lat' dir='ltr'>sensum</span> <span class='ocrx_word' id='word_1_382' title='bbox 389 3040 430 3085; x_wconf 88' lang='lat' dir='ltr'>S,</span> <span class='ocrx_word' id='word_1_383' title='bbox 460 3040 529 3076; x_wconf 85' lang='lat' dir='ltr'>sed</span> <span class='ocrx_word' id='word_1_384' title='bbox 558 3051 660 3077; x_wconf 82' lang='lat' dir='ltr'>corr.</span> <span class='ocrx_word' id='word_1_385' title='bbox 694 3038 753 3077; x_wconf 80' lang='lat'>82.</span> 
     </span>
    </p>
   </div>
  </div>
 </body>
</html>
