2150 3584
314 1721 356 1753 10

314 2082 357 2114 15

316 2443 358 2474 20

378 215 431 255 70
719 226 995 256 SCRIPTORES
1028 227 1255 257 HISTORIAE
1287 228 1462 257 DANlCAE
1494 228 1691 257 MINORES

1171 340 1227 399 X

379 447 660 496 altercantes,
708 447 805 500 pari
844 451 953 488 uoto
996 447 1341 495 famularentur,
1388 448 1513 487 nulla
1555 448 1734 488 discidii
1774 449 2024 503 liuorisque

379 520 452 559 uel
483 519 657 560 inuidie
690 511 870 560 macula
904 519 1197 570 distrahente,
1245 532 1402 559 uerum
1444 518 1590 572 potius
1628 524 1847 575 tanquam
1887 521 2025 562 unius

379 591 539 644 capitis
571 592 779 632 membra
811 591 928 644 regis
960 592 1276 644 obtemperare
1309 592 1537 632 mandatis
1569 593 1821 633 uoluntatis
1855 593 2024 633 unione

379 662 537 715 parati,
585 667 720 716 prout
758 663 916 704 fideles
955 650 1167 716 (sodales)
1214 663 1279 702 nil
1325 664 1517 703 aduerse
1564 664 1831 717 suspitionis
1877 664 1932 704 de
1978 677 2025 704 se

381 739 708 788 presumentes.
771 736 874 776 Non
915 736 1036 776 enim
1080 734 1254 788 neyotio
1292 735 1413 776 facili
1444 740 1676 776 tantorum
1708 740 1850 777 cetum
1884 736 2025 777 disso-

380 821 491 847 num
540 808 782 860 pacificare
828 808 1061 860 ualuisset,
1115 808 1202 848 nisi
1249 821 1364 860 pene
1410 807 1688 860 (enormitate)
1735 809 2023 862 precipitium

379 883 652 933 temperaret
689 892 914 932 excessus,
947 884 995 920 ut
1029 880 1122 934 ipsu
1154 880 1452 933 correptionis
1483 881 1750 933 magnitudo
1783 881 2024 922 audaciam

380 952 627 993 refrenaret
658 952 968 1006 delinquendi.

1092 1444 1217 1486 CAP.
1252 1444 1324 1486 IV.

478 1603 623 1682 Cum
656 1638 783 1679 omni
814 1639 950 1691 igitur
982 1638 1180 1679 exercitu
1213 1639 1402 1680 collecto
1435 1639 1551 1679 inter
1583 1651 1720 1692 opera
1746 1639 1909 1680 bellica
1933 1639 2024 1679 iam

383 1712 591 1752 membra
637 1710 802 1765 quietis
848 1711 1174 1764 tranquillitate
1219 1715 1460 1762 recrearet,
1507 1711 1737 1752 accersitis
1783 1711 1870 1752 sibi
1915 1711 2027 1752 uiris

384 1783 751 1836 sapientioribus,
799 1797 914 1838 quos
955 1788 1148 1824 nouerat
1187 1783 1411 1824 industria
1450 1797 1528 1824 rex
1567 1784 1736 1836 pollere
1774 1784 2027 1837 prudentie,

383 1855 485 1909 sspy
528 1855 740 1896 uidelicet
781 1855 989 1909 Sapiente
1027 1855 1314 1897 Sialandensi
1353 1869 1404 1896 ac
1443 1856 1644 1896 Eschillo
1684 1855 1780 1896 eius
1819 1856 1927 1908 filio,
1975 1869 2026 1897 eo

383 1928 505 1983 quod
554 1928 625 1968 his
673 1941 861 1968 suorum
910 1929 1111 1969 archana
1158 1928 1456 1969 consiliorum
1503 1941 1704 1968 reserare
1754 1928 2028 1981 experientie

384 2003 560 2054 propter
589 2000 865 2040 euidentiam
899 2001 1128 2041 neuticam
1170 2001 1436 2042 formidaret
1472 2000 1536 2052 (—
1572 2013 1680 2040 nam
1714 2004 1754 2040 et
1785 2000 1888 2041 illos
1920 2013 2027 2041 suos

384 2073 576 2125 elegerat
622 2073 887 2113 secretarios
933 2073 1021 2124 —),
1076 2074 1121 2113 in
1169 2074 1329 2126 Anglia
1384 2073 1538 2114 subtili
1586 2072 1877 2125 indagatione
1922 2073 2028 2114 deli-

383 2144 585 2195 berabat,
618 2157 822 2197 quonam
855 2144 1001 2196 rigore
1033 2145 1283 2185 iuuenilem
1316 2149 1587 2198 temperaret
1613 2144 1904 2185 insolentiam
1937 2130 2027 2199 <ἰη>

384 2221 617 2270 posterum
641 2216 940 2269 petulantiam
963 2217 1297 2269 contundendo,
1321 2217 1451 2258 cuius
1473 2217 1636 2257 timore
1658 2217 1813 2257 nullus
1834 2218 2026 2258 alterum

384 2289 663 2342 quibuslibet
695 2289 934 2329 lacesseret
966 2289 1268 2330 contumeliis.
1334 2290 1388 2329 Et
1428 2302 1533 2330 cum
1566 2289 1622 2329 ad
1654 2289 2028 2341 transgressionis

385 2360 672 2414 precipitium
707 2361 912 2401 humana
945 2361 1000 2401 sit
1032 2361 1245 2414 procliuis
1277 2361 1492 2414 conditio,
1535 2362 1740 2402 consulte
1780 2361 2029 2402 curationis

385 2446 501 2486 opus
534 2437 640 2485 erat,
681 2437 730 2473 ut
762 2433 952 2485 singulis
984 2434 1244 2487 quibusque
1277 2433 1654 2487 preuaricationis
1685 2433 1868 2474 casibus
1900 2446 2029 2474 accu-

385 2508 481 2545 rata
514 2505 842 2545 adhiberentur
873 2505 1086 2545 remedia.
1151 2505 1347 2546 Cautum
1381 2491 1524 2560 <er90>
1557 2509 1812 2546 statuerunt
1848 2509 1941 2546 tam
1974 2506 2029 2546 de

387 2577 644 2617 minoribus
677 2590 815 2630 quam
849 2578 903 2618 de
936 2577 1189 2618 maioribus
1221 2577 1330 2618 satis
1369 2578 1588 2632 exquisite
1626 2581 1911 2631 pertractare.
1973 2579 2030 2619 Vt

386 2649 520 2701 igitur
552 2649 805 2702 expeditius
838 2650 895 2689 ad
928 2650 1142 2690 arduiora
1175 2654 1463 2690 transeamus
1504 2650 1696 2702 negotia,
1743 2650 1798 2690 de
1840 2649 2029 2690 minutis

386 2721 512 2774 prius
544 2721 852 2773 dispiciemus.

477 2851 508 2885 1.
541 2849 858 2885 familiarentur.
948 2850 982 2886 2.
1016 2861 1145 2885 unum
1187 2851 1337 2897 posuit.
1428 2851 1462 2886 5.
1502 2851 1610 2886 enim
1651 2850 1688 2886 h.
1723 2851 1744 2886 I.
1784 2852 1826 2885 ut
1862 2849 2022 2885 alibi:

387 2910 539 2942 autem.
618 2917 693 2942 nec
726 2906 848 2942 facili.
922 2910 1135 2942 tantorum
1174 2906 1237 2955 (z
1260 2910 1321 2943 tot
1352 2905 1588 2955 hominum)
1618 2908 1755 2943 ritum.
1819 2907 1852 2943 7.
1885 2910 2029 2954 utpote

386 2962 482 3011 (pro
530 2967 573 2998 ut
610 2963 699 3010 ipa).
795 2964 853 2999 12.
901 2964 1130 3010 sapientiae
1177 2964 1498 3001 Sialandensiae.
1603 2965 1659 3000 14.
1707 2964 2028 3010 prouidentiam.

393 3022 453 3056 17.
473 3020 711 3066 petulentia}
729 3020 1001 3057 consulendo.
1062 3022 1122 3056 19.
1141 3021 1359 3067 praeleuis.
1415 3022 1477 3057 23.
1496 3022 1676 3057 Tuscani
1694 3020 1790 3069 (pro
1807 3016 2026 3069 t'nseam9).

391 3078 452 3113 24.
486 3077 769 3124 displicemus.
