2150 3584
548 201 842 230 COMPENDIVM
877 201 1075 230 saxoms.
1124 203 1206 231 Lm.
1241 203 1317 231 vni
1674 194 1758 234 329

109 318 164 358 de
195 326 334 368 regno
367 314 526 365 exiret,
558 327 646 369 que
679 315 715 354 si
749 327 880 355 senes
908 319 986 355 aut
1011 315 1241 356 inualidos
1270 316 1508 369 inueniret,
1542 318 1756 370 iuniores,

109 388 185 442 qui
234 388 419 439 vellent,
467 399 549 439 pro
596 386 659 427 eis
706 387 893 427 exilium
941 391 1241 440 acceptarent.
1329 390 1462 440 Quod
1511 391 1754 432 consilium

107 473 213 502 cum
246 472 407 501 omnes
439 459 786 512 approbassent,
833 471 1008 510 omnes,
1055 473 1170 513 quos
1203 474 1300 501 sors
1333 461 1522 513 inuenit,
1567 474 1754 514 regnum

109 532 360 574 exiuerunt.
423 532 514 583 Qui
555 531 704 585 primo
744 530 789 570 in
824 531 1153 572 Guthlandiam
1198 533 1546 586 nauigauerunt,
1592 535 1757 576 deinde

109 605 301 657 Rugiam
341 605 640 655 deuenerunt,
683 603 758 644 vbi
799 603 999 644 nauibus
1037 604 1263 645 derelictis
1296 618 1374 658 per
1407 609 1547 646 terras
1581 620 1756 660 proces-

108 680 264 718 serunt
295 676 451 717 omnia
485 676 626 716 armis
657 676 1000 729 depopulando,
1038 689 1279 731 quousque
1312 677 1357 717 in
1392 677 1568 718 ltaliam
1605 692 1756 731 perue-

108 749 276 799 nirent;
322 748 398 788 vbi
441 761 488 788 se
527 748 795 788 locauerunt
834 747 1033 802 dictique
1074 753 1180 789 sunt
1214 750 1505 802 Longobardi
1545 764 1570 791 a
1611 751 1756 803 longis

108 821 283 872 barbis;
316 834 340 861 a
374 820 544 874 quibus
575 823 617 860 et
648 824 764 860 terra
785 821 1079 872 Lombardia,
1111 821 1243 875 quasi
1269 823 1603 874 Longobardia,
1636 823 1754 864 dicta

107 898 185 935 est.
248 894 333 935 Sed
375 896 529 946 postea
570 897 775 946 tempore
810 893 961 933 Karoli
1008 893 1160 945 Magni
1199 894 1411 947 Apuliam
1455 894 1755 946 intrauerunt,

107 966 183 1008 vbi
224 979 366 1020 vsque
404 965 540 1006 hodie
579 969 778 1006 manent.
852 965 985 1006 Anno
1025 966 1202 1006 domini
1244 973 1522 1008 .nc.LXXXV1⁰.
1567 968 1754 1008 Daciam

55 1076 60 1080 .
108 1039 326 1090 exierunt,
358 1038 436 1092 qui
470 1037 763 1090 Longobardi
796 1038 904 1078 dicti
936 1041 1053 1080 sunt.

194 1111 291 1151 XII.
340 1111 448 1152 Post
467 1111 589 1164 Snyo
615 1110 823 1163 regnauit
851 1111 1050 1164 Byorn.
1100 1111 1184 1152 Cui
1216 1112 1434 1153 successit
1456 1112 1753 1164 Haraldus,

109 1183 231 1224 filius
263 1183 374 1225 eius.

195 1256 397 1296 Haraldo
430 1255 649 1297 successit
679 1255 802 1296 filius
833 1269 946 1297 suus
979 1256 1153 1297 Gorm.
1219 1256 1303 1297 Hic
1344 1256 1428 1297 fuit
1459 1257 1756 1310 inuestigator

108 1327 405 1380 mirabilium,
438 1341 526 1382 que
557 1327 755 1377 audiuit;
803 1341 912 1369 nam
952 1332 998 1369 vt
1036 1328 1109 1382 alij
1144 1341 1270 1381 reges
1302 1333 1597 1370 exercuerant
1629 1343 1676 1370 se
1709 1330 1753 1370 in

1784 975 1823 1005 10

1782 1336 1822 1366 15

106 1393 261 1451 armis,
292 1400 354 1442 ita
385 1400 468 1441 iste
500 1400 652 1454 posuit
684 1414 731 1441 se
763 1402 820 1441 ad
847 1401 1139 1454 probandum
1167 1414 1233 1453 ea,
1265 1414 1352 1456 que
1376 1402 1498 1442 fama
1525 1402 1753 1454 vulgabat.
1805 1440 1818 1452 ,

107 1472 371 1525 Specialiter
420 1477 572 1514 tamen
628 1477 723 1514 erat
777 1474 973 1527 cupidus
1028 1473 1236 1514 inuenire
1297 1475 1450 1514 sedem
1512 1474 1753 1515 cuiusdam

107 1544 308 1596 Geruthi,
355 1546 410 1586 de
456 1559 547 1599 qua
594 1547 738 1586 multa
784 1546 992 1586 audierat
1036 1546 1324 1597 admiranda,
1377 1547 1431 1586 de
1479 1546 1645 1599 opibus
1692 1546 1754 1586 ibi

106 1617 321 1669 collectis,
351 1618 406 1659 de
438 1618 706 1659 difficultate
738 1618 848 1659 illuc
878 1618 1160 1670 transeundi,
1193 1620 1248 1659 de
1281 1618 1566 1670 longitudine
1599 1618 1667 1659 vie
1697 1619 1753 1659 ad

105 1688 370 1742 aquilonem
399 1688 445 1729 in
471 1693 665 1741 tantum,
697 1693 743 1730 vt
765 1702 856 1730 non
886 1689 974 1729 nisi
999 1692 1215 1742 perpetua
1243 1702 1333 1730 nox
1359 1675 1463 1743 <ibi>
1496 1689 1752 1730 haberetur.

106 1760 326 1814 Sperabat
357 1761 478 1802 enim
512 1761 599 1802 sibi
634 1772 848 1814 magnam
880 1761 1087 1814 gloriam,
1135 1761 1171 1802 si
1212 1761 1334 1802 viam
1374 1763 1527 1802 adhuc
1567 1775 1592 1802 a
1625 1762 1753 1802 nullo

106 1833 370 1874 mortalium
408 1837 725 1888 attemptatam
772 1834 868 1887 ipse
915 1838 1068 1887 posset
1110 1833 1397 1887 pertransire.
1460 1834 1751 1874 Thorkillum

105 1904 240 1958 igitur
278 1906 525 1959 quendam,
571 1906 710 1946 huius
749 1906 870 1946 fame
910 1910 1160 1957 auctorem,
1207 1919 1290 1959 pro
1336 1906 1524 1947 ductore
1570 1906 1751 1959 recepit.

193 2084 226 2119 1.
259 2095 359 2130 que:
390 2095 515 2131 supra
541 2084 617 2120 hoc
641 2083 697 2120 D2
722 2095 815 2120 sors
840 2083 1007 2120 addidit.
1080 2095 1206 2120 senex
1223 2084 1269 2119 V.
1334 2085 1370 2120 2.
1399 2087 1695 2130 attemptarent
1712 2084 1751 2121 S.

104 2141 330 2177 concilium
349 2141 425 2178 AS.
488 2142 524 2179 3.
552 2141 838 2189 approbarent
856 2141 894 2177 S.
958 2142 993 2177 4.
1018 2142 1178 2177 exirent
1196 2141 1235 2182 S,
1259 2141 1328 2177 sed
1351 2152 1452 2176 corr.
1474 2140 1532 2177 S'2.
1594 2141 1751 2188 gotlan-

104 2197 215 2234 diam
247 2198 324 2234 AS.
415 2200 451 2236 6.
491 2199 533 2235 in
566 2199 738 2246 ytaliam
770 2202 1057 2245 peruenerunt
1087 2198 1164 2234 AS.
1258 2200 1292 2235 7.
1332 2198 1578 2244 longabardi
1622 2198 1688 2234 hic
1717 2201 1754 2234 ct

105 2254 214 2300 infra
260 2257 304 2292 A.
403 2257 540 2292 7-11.
588 2268 610 2292 a
658 2255 793 2302 longis
839 2255 982 2291 barbis
1030 2257 1065 2291 el
1109 2255 1315 2301 sequentia
1371 2265 1494 2301 usque
1546 2255 1600 2291 ad
1652 2255 1750 2291 dicti

104 2315 202 2348 sunt
247 2323 296 2348 ex
339 2312 489 2349 Annal.
537 2313 684 2360 Ryens.
733 2313 944 2348 nonnullis
995 2311 1124 2348 verbis
1170 2313 1335 2348 mutatis
1381 2314 1523 2347 auctor
1565 2312 1748 2359 sumpsit.

106 2370 139 2405 8.
179 2369 416 2406 lumbardia
464 2371 585 2417 quasi
632 2369 902 2416 longebardia
944 2369 991 2414 S;
1036 2369 1117 2405 duo
1164 2369 1283 2405 verba
1330 2369 1582 2405 Lombardia
1630 2370 1749 2416 quasi

104 2428 197 2462 ante
229 2427 518 2473 Longabardia
549 2438 626 2464 om.
652 2427 695 2463 A.
758 2426 804 2462 In
838 2437 967 2473 mary.
996 2426 1062 2461 hic
1087 2425 1208 2462 habet
1230 2427 1284 2462 D:
1318 2426 1425 2462 Nota
1450 2437 1528 2472 pro
1554 2427 1681 2462 Danis
1694 2424 1750 2474 (7).

108 2483 168 2519 10.
200 2484 262 2519 cd.
295 2483 437 2520 habuit
468 2484 509 2529 S,
540 2484 609 2520 sed
639 2484 700 2519 dc.
732 2495 761 2519 s.
792 2494 821 2519 s.
854 2482 919 2529 S23
967 2483 1008 2519 in
1040 2482 1146 2519 Ann.
1181 2483 1328 2529 Ryens.
1360 2484 1417 2519 est
1446 2494 1557 2519 anno
1590 2483 1750 2519 domini

104 2539 390 2578 dc⁰.xxx⁰.vu0.
439 2562 480 2566 —
532 2542 592 2577 12.
638 2542 683 2577 In
733 2551 862 2587 marg).
912 2541 962 2576 A:
1013 2550 1109 2577 an.
1161 2540 1297 2576 Biorn.
1346 2561 1384 2565 —
1434 2550 1544 2576 Lxm.
1594 2540 1749 2576 Harald

106 2593 302 2647 Bionss(!).
367 2599 429 2635 12.
465 2598 599 2644 byorn
619 2599 672 2643 V,
703 2598 838 2644 byron
863 2597 939 2633 AS.
1004 2597 1168 2633 12-13.
1201 2597 1312 2633 filius
1344 2608 1446 2632 suus
1472 2597 1682 2633 Hal-aldus
1705 2598 1749 2633 A.

107 2654 167 2690 14.
200 2655 414 2701 Inscriptio
441 2656 481 2691 in
510 2657 559 2691 D:
593 2653 772 2703 Grom(!)
804 2655 894 2699 5203
927 2654 967 2690 in
993 2665 1123 2700 marg).
1148 2654 1200 2689 A:
1233 2664 1360 2690 ann.
1386 2654 1512 2690 Gorm
1542 2650 1749 2697 Haraldss;

106 2711 146 2747 in
179 2723 309 2759 Μαι-9.
343 2713 389 2748 S:
436 2713 563 2748 Gorm
596 2713 871 2758 inuestigator
904 2711 1172 2746 mirabilium.
1250 2712 1310 2746 14.
1344 2711 1489 2746 araldo
1523 2712 1556 2746 D
1587 2710 1750 2759 (illumi-

103 2771 225 2804 nator
255 2769 294 2805 H
326 2769 549 2815 adpinyere
579 2769 724 2805 oblitus
756 2766 838 2815 est).
916 2768 1026 2804 filius
1059 2768 1148 2803 eius
1179 2776 1308 2813 gorm.
1341 2768 1410 2804 hic
1439 2767 1485 2811 S3
1518 2768 1628 2803 filius
1660 2768 1749 2803 eius

104 2833 234 2871 gorm,
276 2827 348 2872 qui
380 2828 424 2862 A.
514 2827 641 2863 Grom
676 2827 720 2861 D.
813 2826 874 2861 15.
908 2827 1185 2861 exercuerunt
1217 2824 1256 2860 S.
1350 2825 1410 2861 18.
1443 2825 1685 2860 Gheruthus
1717 2826 1749 2860 A

103 2892 280 2929 semper;
325 2894 430 2929 saepe
469 2883 588 2919 etiam
623 2884 803 2919 Gerutus
841 2881 1031 2918 scribitur
1069 2881 1109 2916 in
1150 2881 1286 2917 ceteris
1317 2881 1430 2918 codd.
1517 2881 1568 2917 de
1599 2892 1684 2927 quo
1716 2881 1749 2917 A

103 2936 155 2986 (et
181 2938 274 2985 fort.
308 2938 368 2988 V).
445 2940 661 2976 §.miranda
695 2940 735 2976 S.
811 2939 875 2975 20.
906 2938 963 2974 ibi
996 2938 1146 2974 addidi.
1219 2939 1281 2973 22.
1315 2941 1557 2974 attentatam
1591 2939 1636 2977 D.
1682 2939 1750 2974 sed

104 3005 204 3031 corr.
252 2996 293 3031 in
339 3000 625 3044 attemptatam
675 2995 740 3033 D3.
831 2995 1064 3031 Torkillum
1109 2995 1255 3041 soepius
1292 2995 1368 3031 AS.
1459 2995 1522 3031 23.
1564 2999 1748 3031 actorem

105 3052 216 3088 codd.
254 3052 298 3103 (S
339 3055 473 3090 tamen
511 3057 596 3098 am,
637 3064 715 3100 pro
761 3064 839 3100 quo
881 3051 931 3089 S3
969 3052 1011 3088 in
1053 3062 1180 3098 Μαι-9.
1227 3051 1456 3098 adscripsit:
1504 3049 1746 3100 auctorem).

1780 1698 1823 1728 20
