<?xml version="1.0" encoding="UTF-8"?>
<!DOCTYPE html PUBLIC "-//W3C//DTD XHTML 1.0 Transitional//EN"
    "http://www.w3.org/TR/xhtml1/DTD/xhtml1-transitional.dtd">
<html xmlns="http://www.w3.org/1999/xhtml" xml:lang="en" lang="en">
 <head>
  <title>
</title>
<meta http-equiv="Content-Type" content="text/html;charset=utf-8" />
  <meta name='ocr-system' content='tesseract 3.04.00' />
  <meta name='ocr-capabilities' content='ocr_page ocr_carea ocr_par ocr_line ocrx_word'/>
</head>
<body>
  <div class='ocr_page' id='page_1' title='image "./scriptoresminore112gert_0333.png"; bbox 0 0 2150 3584; ppageno 0'>
   <div class='ocr_carea' id='block_1_1' title="bbox 577 208 1774 248">
    <p class='ocr_par' dir='ltr' id='par_1_1' title="bbox 577 208 1774 248">
     <span class='ocr_line' id='line_1_1' title="bbox 577 208 1774 248; baseline 0.003 -4"><span class='ocrx_word' id='word_1_1' title='bbox 577 216 870 245; x_wconf 76' lang='lat' dir='ltr'><strong>COMPENDWM</strong></span> <span class='ocrx_word' id='word_1_2' title='bbox 904 217 1100 246; x_wconf 70' lang='lat' dir='ltr'>sAxoms.</span> <span class='ocrx_word' id='word_1_3' title='bbox 1152 219 1234 246; x_wconf 75' lang='lat' dir='ltr'>Lm.</span> <span class='ocrx_word' id='word_1_4' title='bbox 1270 219 1326 245; x_wconf 86' lang='lat' dir='ltr'>vn</span> <span class='ocrx_word' id='word_1_5' title='bbox 1693 208 1774 248; x_wconf 79' lang='lat'><strong>315</strong></span> 
     </span>
    </p>
   </div>
   <div class='ocr_carea' id='block_1_2' title="bbox 118 330 1774 2053">
    <p class='ocr_par' dir='ltr' id='par_1_2' title="bbox 118 330 1774 1966">
     <span class='ocr_line' id='line_1_2' title="bbox 128 330 1774 385; baseline 0 -12"><span class='ocrx_word' id='word_1_6' title='bbox 128 331 281 373; x_wconf 91' lang='lat' dir='ltr'>nullus</span> <span class='ocrx_word' id='word_1_7' title='bbox 327 344 352 371; x_wconf 92' lang='lat' dir='ltr'>a</span> <span class='ocrx_word' id='word_1_8' title='bbox 400 334 523 382; x_wconf 87' lang='lat' dir='ltr'>tergo</span> <span class='ocrx_word' id='word_1_9' title='bbox 564 330 742 379; x_wconf 89' lang='lat' dir='ltr'>lederet,</span> <span class='ocrx_word' id='word_1_10' title='bbox 791 331 868 370; x_wconf 90' lang='lat' dir='ltr'>sed</span> <span class='ocrx_word' id='word_1_11' title='bbox 910 332 1102 371; x_wconf 86' lang='lat' dir='ltr'>aduersa</span> <span class='ocrx_word' id='word_1_12' title='bbox 1154 332 1265 371; x_wconf 77' lang='lat' dir='ltr'>facie</span> <span class='ocrx_word' id='word_1_13' title='bbox 1312 337 1608 385; x_wconf 79' lang='lat' dir='ltr'>oppugnaret.</span> <span class='ocrx_word' id='word_1_14' title='bbox 1672 334 1774 383; x_wconf 87' lang='lat' dir='ltr'>Quo</span> 
     </span>
     <span class='ocr_line' id='line_1_3' title="bbox 126 401 1772 457; baseline 0.001 -13"><span class='ocrx_word' id='word_1_15' title='bbox 126 403 247 444; x_wconf 89' lang='lat' dir='ltr'>dicto</span> <span class='ocrx_word' id='word_1_16' title='bbox 294 403 420 444; x_wconf 90' lang='lat' dir='ltr'>solus</span> <span class='ocrx_word' id='word_1_17' title='bbox 467 415 628 443; x_wconf 91' lang='lat' dir='ltr'>omnes</span> <span class='ocrx_word' id='word_1_18' title='bbox 677 401 778 443; x_wconf 87' lang='lat' dir='ltr'>illos</span> <span class='ocrx_word' id='word_1_19' title='bbox 828 415 912 443; x_wconf 84' lang='lat' dir='ltr'><strong>.xn.</strong></span> <span class='ocrx_word' id='word_1_20' title='bbox 963 404 1229 456; x_wconf 80' lang='lat' dir='ltr'>prostrauit,</span> <span class='ocrx_word' id='word_1_21' title='bbox 1283 405 1480 457; x_wconf 82' lang='lat' dir='ltr'><strong>puellam</strong></span> <span class='ocrx_word' id='word_1_22' title='bbox 1529 409 1678 446; x_wconf 83' lang='lat' dir='ltr'>autem</span> <span class='ocrx_word' id='word_1_23' title='bbox 1730 405 1772 445; x_wconf 90' lang='lat' dir='ltr'>in</span> 
     </span>
     <span class='ocr_line' id='line_1_4' title="bbox 126 474 1772 529; baseline 0.002 -14"><span class='ocrx_word' id='word_1_24' title='bbox 126 475 353 529; x_wconf 87' lang='lat' dir='ltr'>premium</span> <span class='ocrx_word' id='word_1_25' title='bbox 395 475 580 516; x_wconf 84' lang='lat' dir='ltr'><strong>victorie</strong></span> <span class='ocrx_word' id='word_1_26' title='bbox 617 474 839 528; x_wconf 89' lang='lat' dir='ltr'>recipiens</span> <span class='ocrx_word' id='word_1_27' title='bbox 875 475 1019 516; x_wconf 85' lang='lat' dir='ltr'>filium</span> <span class='ocrx_word' id='word_1_28' title='bbox 1054 490 1105 515; x_wconf 87' lang='lat' dir='ltr'>ex</span> <span class='ocrx_word' id='word_1_29' title='bbox 1139 489 1188 516; x_wconf 81' lang='lat' dir='ltr'>ea</span> <span class='ocrx_word' id='word_1_30' title='bbox 1223 477 1493 518; x_wconf 69' lang='lat' dir='ltr'>Omundum</span> <span class='ocrx_word' id='word_1_31' title='bbox 1529 479 1772 529; x_wconf 82' lang='lat' dir='ltr'>generauit.</span> 
     </span>
     <span class='ocr_line' id='line_1_5' title="bbox 127 547 1774 601; baseline 0.001 -12"><span class='ocrx_word' id='word_1_32' title='bbox 127 547 301 589; x_wconf 87' lang='lat' dir='ltr'>Deinde</span> <span class='ocrx_word' id='word_1_33' title='bbox 348 551 523 601; x_wconf 92' lang='lat' dir='ltr'>patrem</span> <span class='ocrx_word' id='word_1_34' title='bbox 571 547 753 588; x_wconf 86' lang='lat' dir='ltr'>visitare</span> <span class='ocrx_word' id='word_1_35' title='bbox 795 548 951 588; x_wconf 89' lang='lat' dir='ltr'>volens</span> <span class='ocrx_word' id='word_1_36' title='bbox 993 548 1210 589; x_wconf 80' lang='lat' dir='ltr'>intellexit</span> <span class='ocrx_word' id='word_1_37' title='bbox 1255 549 1446 601; x_wconf 82' lang='lat' dir='ltr'>patriam</span> <span class='ocrx_word' id='word_1_38' title='bbox 1495 563 1518 589; x_wconf 90' lang='lat' dir='ltr'>a</span> <span class='ocrx_word' id='word_1_39' title='bbox 1560 550 1774 590; x_wconf 84' lang='lat' dir='ltr'>Thorone</span> 
     </span>
     <span class='ocr_line' id='line_1_6' title="bbox 125 619 1773 673; baseline 0.001 -12"><span class='ocrx_word' id='word_1_40' title='bbox 125 620 280 672; x_wconf 86' lang='lat' dir='ltr'>regulo</span> <span class='ocrx_word' id='word_1_41' title='bbox 321 619 547 668; x_wconf 84' lang='lat' dir='ltr'>infestari;</span> <span class='ocrx_word' id='word_1_42' title='bbox 594 623 750 660; x_wconf 88' lang='lat' dir='ltr'>contra</span> <span class='ocrx_word' id='word_1_43' title='bbox 792 633 928 673; x_wconf 87' lang='lat' dir='ltr'>quem</span> <span class='ocrx_word' id='word_1_44' title='bbox 971 633 1075 661; x_wconf 90' lang='lat' dir='ltr'>cum</span> <span class='ocrx_word' id='word_1_45' title='bbox 1119 634 1208 660; x_wconf 83' lang='lat' dir='ltr'>vno</span> <span class='ocrx_word' id='word_1_46' title='bbox 1250 625 1426 661; x_wconf 88' lang='lat' dir='ltr'>tantum</span> <span class='ocrx_word' id='word_1_47' title='bbox 1462 622 1584 662; x_wconf 88' lang='lat' dir='ltr'>socio</span> <span class='ocrx_word' id='word_1_48' title='bbox 1619 623 1773 662; x_wconf 88' lang='lat' dir='ltr'>mulie-</span> 
     </span>
     <span class='ocr_line' id='line_1_7' title="bbox 125 691 1772 746; baseline 0.001 -14"><span class='ocrx_word' id='word_1_49' title='bbox 125 692 263 733; x_wconf 87' lang='lat' dir='ltr'>briter</span> <span class='ocrx_word' id='word_1_50' title='bbox 305 692 465 732; x_wconf 83' lang='lat' dir='ltr'>induto</span> <span class='ocrx_word' id='word_1_51' title='bbox 509 691 714 745; x_wconf 86' lang='lat' dir='ltr'>perrexit.</span> <span class='ocrx_word' id='word_1_52' title='bbox 794 692 1002 746; x_wconf 87' lang='lat' dir='ltr'>Cumque</span> <span class='ocrx_word' id='word_1_53' title='bbox 1043 707 1132 733; x_wconf 90' lang='lat' dir='ltr'>non</span> <span class='ocrx_word' id='word_1_54' title='bbox 1177 694 1308 746; x_wconf 87' lang='lat' dir='ltr'>longe</span> <span class='ocrx_word' id='word_1_55' title='bbox 1349 694 1535 734; x_wconf 87' lang='lat' dir='ltr'>distaret</span> <span class='ocrx_word' id='word_1_56' title='bbox 1581 708 1604 734; x_wconf 88' lang='lat' dir='ltr'>a</span> <span class='ocrx_word' id='word_1_57' title='bbox 1648 695 1772 734; x_wconf 88' lang='lat' dir='ltr'>curia</span> 
     </span>
     <span class='ocr_line' id='line_1_8' title="bbox 124 764 1773 820; baseline 0.001 -15"><span class='ocrx_word' id='word_1_58' title='bbox 124 764 368 817; x_wconf 89' lang='lat' dir='ltr'>Thoronis,</span> <span class='ocrx_word' id='word_1_59' title='bbox 401 777 555 805; x_wconf 88' lang='lat' dir='ltr'>ensem</span> <span class='ocrx_word' id='word_1_60' title='bbox 590 777 726 804; x_wconf 90' lang='lat' dir='ltr'>suum</span> <span class='ocrx_word' id='word_1_61' title='bbox 755 777 808 805; x_wconf 90' lang='lat' dir='ltr'>ac</span> <span class='ocrx_word' id='word_1_62' title='bbox 831 765 938 818; x_wconf 89' lang='lat' dir='ltr'>socij</span> <span class='ocrx_word' id='word_1_63' title='bbox 966 765 1035 806; x_wconf 89' lang='lat' dir='ltr'>sui</span> <span class='ocrx_word' id='word_1_64' title='bbox 1059 766 1103 806; x_wconf 89' lang='lat' dir='ltr'>in</span> <span class='ocrx_word' id='word_1_65' title='bbox 1129 766 1303 807; x_wconf 90' lang='lat' dir='ltr'>cauatis</span> <span class='ocrx_word' id='word_1_66' title='bbox 1326 767 1502 807; x_wconf 86' lang='lat' dir='ltr'>baculis</span> <span class='ocrx_word' id='word_1_67' title='bbox 1526 768 1773 820; x_wconf 86' lang='lat' dir='ltr'>portandos</span> 
     </span>
     <span class='ocr_line' id='line_1_9' title="bbox 123 835 1774 891; baseline 0.001 -13"><span class='ocrx_word' id='word_1_68' title='bbox 123 836 337 888; x_wconf 80' lang='lat' dir='ltr'>decreuit,</span> <span class='ocrx_word' id='word_1_69' title='bbox 371 835 627 891; x_wconf 79' lang='lat' dir='ltr'>faciemque</span> <span class='ocrx_word' id='word_1_70' title='bbox 658 840 973 878; x_wconf 85' lang='lat' dir='ltr'>transmutans</span> <span class='ocrx_word' id='word_1_71' title='bbox 1006 851 1057 878; x_wconf 89' lang='lat' dir='ltr'>ex</span> <span class='ocrx_word' id='word_1_72' title='bbox 1091 839 1378 879; x_wconf 82' lang='lat' dir='ltr'>adolescente</span> <span class='ocrx_word' id='word_1_73' title='bbox 1404 840 1607 880; x_wconf 90' lang='lat' dir='ltr'>vetulum</span> <span class='ocrx_word' id='word_1_74' title='bbox 1636 840 1774 880; x_wconf 88' lang='lat' dir='ltr'>simu-</span> 
     </span>
     <span class='ocr_line' id='line_1_10' title="bbox 124 908 1771 963; baseline 0.002 -13"><span class='ocrx_word' id='word_1_75' title='bbox 124 910 265 959; x_wconf 84' lang='lat' dir='ltr'>labat;</span> <span class='ocrx_word' id='word_1_76' title='bbox 305 909 369 950; x_wconf 92' lang='lat' dir='ltr'>sic</span> <span class='ocrx_word' id='word_1_77' title='bbox 400 908 535 961; x_wconf 86' lang='lat' dir='ltr'>igitur</span> <span class='ocrx_word' id='word_1_78' title='bbox 566 909 742 949; x_wconf 90' lang='lat' dir='ltr'>intrans</span> <span class='ocrx_word' id='word_1_79' title='bbox 775 909 887 950; x_wconf 84' lang='lat' dir='ltr'>dixit</span> <span class='ocrx_word' id='word_1_80' title='bbox 919 924 964 951; x_wconf 91' lang='lat' dir='ltr'>se</span> <span class='ocrx_word' id='word_1_81' title='bbox 998 910 1235 963; x_wconf 87' lang='lat' dir='ltr'>egencium</span> <span class='ocrx_word' id='word_1_82' title='bbox 1268 924 1364 951; x_wconf 86' lang='lat' dir='ltr'>esse</span> <span class='ocrx_word' id='word_1_83' title='bbox 1398 923 1559 963; x_wconf 87' lang='lat' dir='ltr'>regem.</span> <span class='ocrx_word' id='word_1_84' title='bbox 1623 913 1771 963; x_wconf 86' lang='lat' dir='ltr'>Quem</span> 
     </span>
     <span class='ocr_line' id='line_1_11' title="bbox 123 981 1771 1038; baseline 0.001 -15"><span class='ocrx_word' id='word_1_85' title='bbox 123 995 230 1023; x_wconf 84' lang='lat' dir='ltr'>mox</span> <span class='ocrx_word' id='word_1_86' title='bbox 269 981 410 1036; x_wconf 84' lang='lat' dir='ltr'>aliqui</span> <span class='ocrx_word' id='word_1_87' title='bbox 451 981 497 1021; x_wconf 93' lang='lat' dir='ltr'>in</span> <span class='ocrx_word' id='word_1_88' title='bbox 540 981 643 1022; x_wconf 90' lang='lat' dir='ltr'>aula</span> <span class='ocrx_word' id='word_1_89' title='bbox 684 982 836 1023; x_wconf 88' lang='lat' dir='ltr'>iocose</span> <span class='ocrx_word' id='word_1_90' title='bbox 877 983 993 1035; x_wconf 90' lang='lat' dir='ltr'>regis</span> <span class='ocrx_word' id='word_1_91' title='bbox 1026 983 1213 1024; x_wconf 92' lang='lat' dir='ltr'>nomine</span> <span class='ocrx_word' id='word_1_92' title='bbox 1245 984 1495 1024; x_wconf 87' lang='lat' dir='ltr'>salutantes</span> <span class='ocrx_word' id='word_1_93' title='bbox 1527 985 1656 1038; x_wconf 82' lang='lat' dir='ltr'>quasi</span> <span class='ocrx_word' id='word_1_94' title='bbox 1690 999 1771 1038; x_wconf 90' lang='lat' dir='ltr'>pro</span> 
     </span>
     <span class='ocr_line' id='line_1_12' title="bbox 122 1053 1770 1111; baseline 0.002 -16"><span class='ocrx_word' id='word_1_95' title='bbox 122 1054 338 1107; x_wconf 87' lang='lat' dir='ltr'>homagio</span> <span class='ocrx_word' id='word_1_96' title='bbox 377 1053 416 1095; x_wconf 94' lang='lat' dir='ltr'>ei</span> <span class='ocrx_word' id='word_1_97' title='bbox 460 1067 625 1094; x_wconf 91' lang='lat' dir='ltr'>manus</span> <span class='ocrx_word' id='word_1_98' title='bbox 664 1055 986 1105; x_wconf 74' lang='lat' dir='ltr'>extenderunt,</span> <span class='ocrx_word' id='word_1_99' title='bbox 1033 1055 1107 1096; x_wconf 92' lang='lat' dir='ltr'>ille</span> <span class='ocrx_word' id='word_1_100' title='bbox 1149 1059 1302 1096; x_wconf 91' lang='lat' dir='ltr'>autem</span> <span class='ocrx_word' id='word_1_101' title='bbox 1335 1056 1491 1096; x_wconf 88' lang='lat' dir='ltr'>dicens</span> <span class='ocrx_word' id='word_1_102' title='bbox 1524 1056 1600 1109; x_wconf 90' lang='lat' dir='ltr'>eis,</span> <span class='ocrx_word' id='word_1_103' title='bbox 1647 1058 1770 1111; x_wconf 85' lang='lat' dir='ltr'>quod</span> 
     </span>
     <span class='ocr_line' id='line_1_13' title="bbox 121 1127 1770 1180; baseline 0.002 -13"><span class='ocrx_word' id='word_1_104' title='bbox 121 1130 271 1168; x_wconf 90' lang='lat' dir='ltr'>ratum</span> <span class='ocrx_word' id='word_1_105' title='bbox 304 1127 538 1178; x_wconf 89' lang='lat' dir='ltr'>haberent,</span> <span class='ocrx_word' id='word_1_106' title='bbox 571 1127 694 1180; x_wconf 92' lang='lat' dir='ltr'>quod</span> <span class='ocrx_word' id='word_1_107' title='bbox 727 1127 829 1168; x_wconf 90' lang='lat' dir='ltr'>ioco</span> <span class='ocrx_word' id='word_1_108' title='bbox 862 1128 1075 1180; x_wconf 82' lang='lat' dir='ltr'>fecerant,</span> <span class='ocrx_word' id='word_1_109' title='bbox 1108 1128 1298 1169; x_wconf 82' lang='lat' dir='ltr'>extraxit</span> <span class='ocrx_word' id='word_1_110' title='bbox 1330 1142 1485 1169; x_wconf 86' lang='lat' dir='ltr'>ensem</span> <span class='ocrx_word' id='word_1_111' title='bbox 1519 1130 1574 1170; x_wconf 92' lang='lat' dir='ltr'>de</span> <span class='ocrx_word' id='word_1_112' title='bbox 1607 1130 1770 1170; x_wconf 90' lang='lat' dir='ltr'>baculo</span> 
     </span>
     <span class='ocr_line' id='line_1_14' title="bbox 121 1199 1770 1255; baseline 0.001 -15"><span class='ocrx_word' id='word_1_113' title='bbox 121 1199 381 1253; x_wconf 88' lang='lat' dir='ltr'>inuasitque</span> <span class='ocrx_word' id='word_1_114' title='bbox 427 1211 590 1252; x_wconf 90' lang='lat' dir='ltr'>regem.</span> <span class='ocrx_word' id='word_1_115' title='bbox 669 1199 809 1252; x_wconf 85' lang='lat' dir='ltr'>Igitur</span> <span class='ocrx_word' id='word_1_116' title='bbox 855 1201 1044 1254; x_wconf 88' lang='lat' dir='ltr'>quidam</span> <span class='ocrx_word' id='word_1_117' title='bbox 1092 1204 1277 1255; x_wconf 89' lang='lat' dir='ltr'>propter</span> <span class='ocrx_word' id='word_1_118' title='bbox 1324 1201 1476 1252; x_wconf 87' lang='lat' dir='ltr'>fidem,</span> <span class='ocrx_word' id='word_1_119' title='bbox 1524 1201 1626 1242; x_wconf 90' lang='lat' dir='ltr'>licet</span> <span class='ocrx_word' id='word_1_120' title='bbox 1670 1202 1770 1242; x_wconf 92' lang='lat' dir='ltr'>ioco</span> 
     </span>
     <span class='ocr_line' id='line_1_15' title="bbox 121 1271 1771 1327; baseline 0.001 -15"><span class='ocrx_word' id='word_1_121' title='bbox 121 1271 377 1326; x_wconf 79' lang='lat' dir='ltr'>prestitam,</span> <span class='ocrx_word' id='word_1_122' title='bbox 424 1272 620 1313; x_wconf 91' lang='lat' dir='ltr'>Olonem</span> <span class='ocrx_word' id='word_1_123' title='bbox 668 1271 849 1323; x_wconf 88' lang='lat' dir='ltr'>iuuare,</span> <span class='ocrx_word' id='word_1_124' title='bbox 896 1273 969 1327; x_wconf 88' lang='lat' dir='ltr'>alij</span> <span class='ocrx_word' id='word_1_125' title='bbox 1020 1278 1171 1314; x_wconf 89' lang='lat' dir='ltr'>autem</span> <span class='ocrx_word' id='word_1_126' title='bbox 1218 1274 1480 1314; x_wconf 88' lang='lat' dir='ltr'>Thoronem</span> <span class='ocrx_word' id='word_1_127' title='bbox 1530 1274 1771 1315; x_wconf 88' lang='lat' dir='ltr'>defendere</span> 
     </span>
     <span class='ocr_line' id='line_1_16' title="bbox 120 1344 1770 1398; baseline 0.001 -12"><span class='ocrx_word' id='word_1_128' title='bbox 120 1345 355 1391; x_wconf 80' lang='lat' dir='ltr'>volebant;</span> <span class='ocrx_word' id='word_1_129' title='bbox 403 1344 558 1398; x_wconf 90' lang='lat' dir='ltr'>sicque</span> <span class='ocrx_word' id='word_1_130' title='bbox 597 1345 732 1397; x_wconf 86' lang='lat' dir='ltr'>igitur</span> <span class='ocrx_word' id='word_1_131' title='bbox 771 1346 985 1387; x_wconf 88' lang='lat' dir='ltr'>intestino</span> <span class='ocrx_word' id='word_1_132' title='bbox 1028 1347 1146 1387; x_wconf 91' lang='lat' dir='ltr'>bello</span> <span class='ocrx_word' id='word_1_133' title='bbox 1186 1351 1299 1398; x_wconf 72' lang='lat' dir='ltr'>orto,</span> <span class='ocrx_word' id='word_1_134' title='bbox 1346 1347 1502 1387; x_wconf 91' lang='lat' dir='ltr'>Thoro</span> <span class='ocrx_word' id='word_1_135' title='bbox 1544 1360 1635 1387; x_wconf 90' lang='lat' dir='ltr'>non</span> <span class='ocrx_word' id='word_1_136' title='bbox 1678 1351 1770 1387; x_wconf 90' lang='lat' dir='ltr'>tam</span> 
     </span>
     <span class='ocr_line' id='line_1_17' title="bbox 119 1417 1769 1472; baseline 0.002 -16"><span class='ocrx_word' id='word_1_137' title='bbox 119 1417 270 1470; x_wconf 87' lang='lat' dir='ltr'>gladio</span> <span class='ocrx_word' id='word_1_138' title='bbox 318 1417 480 1459; x_wconf 91' lang='lat' dir='ltr'>Olonis</span> <span class='ocrx_word' id='word_1_139' title='bbox 525 1431 665 1471; x_wconf 89' lang='lat' dir='ltr'>quam</span> <span class='ocrx_word' id='word_1_140' title='bbox 713 1432 904 1459; x_wconf 91' lang='lat' dir='ltr'>suorum</span> <span class='ocrx_word' id='word_1_141' title='bbox 953 1423 1216 1472; x_wconf 89' lang='lat' dir='ltr'>peremptus</span> <span class='ocrx_word' id='word_1_142' title='bbox 1263 1423 1340 1460; x_wconf 89' lang='lat' dir='ltr'>est.</span> <span class='ocrx_word' id='word_1_143' title='bbox 1430 1419 1570 1461; x_wconf 89' lang='lat' dir='ltr'>Cuius</span> <span class='ocrx_word' id='word_1_144' title='bbox 1618 1420 1769 1461; x_wconf 90' lang='lat' dir='ltr'>socius</span> 
     </span>
     <span class='ocr_line' id='line_1_18' title="bbox 122 1489 1769 1546; baseline 0.002 -17"><span class='ocrx_word' id='word_1_145' title='bbox 122 1489 347 1542; x_wconf 89' lang='lat' dir='ltr'>Liotarus,</span> <span class='ocrx_word' id='word_1_146' title='bbox 386 1489 577 1530; x_wconf 85' lang='lat' dir='ltr'>letaliter</span> <span class='ocrx_word' id='word_1_147' title='bbox 608 1491 887 1543; x_wconf 85' lang='lat' dir='ltr'>vulneratus,</span> <span class='ocrx_word' id='word_1_148' title='bbox 932 1491 1127 1545; x_wconf 82' lang='lat' dir='ltr'>predixit</span> <span class='ocrx_word' id='word_1_149' title='bbox 1159 1491 1311 1544; x_wconf 92' lang='lat' dir='ltr'>Oloni,</span> <span class='ocrx_word' id='word_1_150' title='bbox 1343 1493 1466 1546; x_wconf 89' lang='lat' dir='ltr'>quod</span> <span class='ocrx_word' id='word_1_151' title='bbox 1500 1492 1577 1532; x_wconf 91' lang='lat' dir='ltr'>tali</span> <span class='ocrx_word' id='word_1_152' title='bbox 1611 1492 1769 1532; x_wconf 86' lang='lat' dir='ltr'>fraude</span> 
     </span>
     <span class='ocr_line' id='line_1_19' title="bbox 121 1561 1769 1620; baseline 0.002 -18"><span class='ocrx_word' id='word_1_153' title='bbox 121 1561 283 1615; x_wconf 89' lang='lat' dir='ltr'>perimi</span> <span class='ocrx_word' id='word_1_154' title='bbox 329 1562 525 1616; x_wconf 85' lang='lat' dir='ltr'>deberet,</span> <span class='ocrx_word' id='word_1_155' title='bbox 572 1563 696 1617; x_wconf 90' lang='lat' dir='ltr'>quali</span> <span class='ocrx_word' id='word_1_156' title='bbox 744 1577 850 1605; x_wconf 90' lang='lat' dir='ltr'>vsus</span> <span class='ocrx_word' id='word_1_157' title='bbox 897 1564 1043 1605; x_wconf 85' lang='lat' dir='ltr'>fuerat</span> <span class='ocrx_word' id='word_1_158' title='bbox 1089 1569 1246 1605; x_wconf 89' lang='lat' dir='ltr'>contra</span> <span class='ocrx_word' id='word_1_159' title='bbox 1288 1565 1567 1616; x_wconf 83' lang='lat' dir='ltr'>Thoronem,</span> <span class='ocrx_word' id='word_1_160' title='bbox 1614 1565 1769 1620; x_wconf 88' lang='lat' dir='ltr'>sicque</span> 
     </span>
     <span class='ocr_line' id='line_1_20' title="bbox 120 1633 1765 1691; baseline 0.002 -17"><span class='ocrx_word' id='word_1_161' title='bbox 120 1633 331 1687; x_wconf 89' lang='lat' dir='ltr'>spiritum</span> <span class='ocrx_word' id='word_1_162' title='bbox 363 1635 571 1676; x_wconf 88' lang='lat' dir='ltr'>reddidit.</span> <span class='ocrx_word' id='word_1_163' title='bbox 636 1636 793 1689; x_wconf 91' lang='lat' dir='ltr'>Itaque</span> <span class='ocrx_word' id='word_1_164' title='bbox 826 1637 913 1678; x_wconf 92' lang='lat' dir='ltr'>Olo</span> <span class='ocrx_word' id='word_1_165' title='bbox 955 1650 1047 1677; x_wconf 92' lang='lat' dir='ltr'>non</span> <span class='ocrx_word' id='word_1_166' title='bbox 1089 1637 1216 1690; x_wconf 90' lang='lat' dir='ltr'>prius</span> <span class='ocrx_word' id='word_1_167' title='bbox 1248 1642 1423 1691; x_wconf 90' lang='lat' dir='ltr'>patrem</span> <span class='ocrx_word' id='word_1_168' title='bbox 1457 1637 1581 1684; x_wconf 82' lang='lat' dir='ltr'>vidit,</span> <span class='ocrx_word' id='word_1_169' title='bbox 1628 1650 1765 1690; x_wconf 90' lang='lat' dir='ltr'>quam</span> 
     </span>
     <span class='ocr_line' id='line_1_21' title="bbox 120 1706 1767 1763; baseline 0.002 -16"><span class='ocrx_word' id='word_1_170' title='bbox 120 1706 159 1747; x_wconf 92' lang='lat' dir='ltr'>ei</span> <span class='ocrx_word' id='word_1_171' title='bbox 191 1719 351 1760; x_wconf 90' lang='lat' dir='ltr'>pacem</span> <span class='ocrx_word' id='word_1_172' title='bbox 383 1708 645 1760; x_wconf 88' lang='lat' dir='ltr'>reportauit.</span> <span class='ocrx_word' id='word_1_173' title='bbox 693 1709 729 1749; x_wconf 90' lang='lat' dir='ltr'><strong>A</strong></span> <span class='ocrx_word' id='word_1_174' title='bbox 755 1713 881 1762; x_wconf 88' lang='lat' dir='ltr'>patre</span> <span class='ocrx_word' id='word_1_175' title='bbox 914 1709 1048 1761; x_wconf 85' lang='lat' dir='ltr'>igitur</span> <span class='ocrx_word' id='word_1_176' title='bbox 1079 1709 1337 1750; x_wconf 88' lang='lat' dir='ltr'>dominium</span> <span class='ocrx_word' id='word_1_177' title='bbox 1374 1709 1511 1750; x_wconf 89' lang='lat' dir='ltr'>maris</span> <span class='ocrx_word' id='word_1_178' title='bbox 1545 1709 1767 1763; x_wconf 90' lang='lat' dir='ltr'>recipiens</span> 
     </span>
     <span class='ocr_line' id='line_1_22' title="bbox 120 1780 1767 1836; baseline 0.001 -17"><span class='ocrx_word' id='word_1_179' title='bbox 120 1792 229 1820; x_wconf 56' lang='lat' dir='ltr'><strong>mxx.</strong></span> <span class='ocrx_word' id='word_1_180' title='bbox 264 1780 468 1820; x_wconf 88' lang='lat' dir='ltr'>marinos</span> <span class='ocrx_word' id='word_1_181' title='bbox 499 1791 625 1832; x_wconf 88' lang='lat' dir='ltr'>reges</span> <span class='ocrx_word' id='word_1_182' title='bbox 657 1781 849 1822; x_wconf 90' lang='lat' dir='ltr'>classico</span> <span class='ocrx_word' id='word_1_183' title='bbox 881 1782 1000 1823; x_wconf 92' lang='lat' dir='ltr'>bello</span> <span class='ocrx_word' id='word_1_184' title='bbox 1033 1782 1283 1832; x_wconf 80' lang='lat' dir='ltr'>interemit3</span> <span class='ocrx_word' id='word_1_185' title='bbox 1327 1786 1510 1836; x_wconf 89' lang='lat' dir='ltr'>propter</span> <span class='ocrx_word' id='word_1_186' title='bbox 1541 1782 1672 1823; x_wconf 90' lang='lat' dir='ltr'>cuius</span> <span class='ocrx_word' id='word_1_187' title='bbox 1706 1783 1767 1822; x_wconf 83' lang='lat' dir='ltr'>rei</span> 
     </span>
     <span class='ocr_line' id='line_1_23' title="bbox 119 1851 1767 1908; baseline 0.001 -16"><span class='ocrx_word' id='word_1_188' title='bbox 119 1851 290 1892; x_wconf 90' lang='lat' dir='ltr'>famam</span> <span class='ocrx_word' id='word_1_189' title='bbox 331 1852 518 1906; x_wconf 87' lang='lat' dir='ltr'>plurimi</span> <span class='ocrx_word' id='word_1_190' title='bbox 557 1853 732 1906; x_wconf 84' lang='lat' dir='ltr'>pugiles</span> <span class='ocrx_word' id='word_1_191' title='bbox 772 1854 811 1894; x_wconf 94' lang='lat' dir='ltr'>ei</span> <span class='ocrx_word' id='word_1_192' title='bbox 853 1855 1160 1906; x_wconf 84' lang='lat' dir='ltr'>sociabantur,</span> <span class='ocrx_word' id='word_1_193' title='bbox 1203 1868 1399 1908; x_wconf 88' lang='lat' dir='ltr'>quorum</span> <span class='ocrx_word' id='word_1_194' title='bbox 1440 1868 1556 1896; x_wconf 88' lang='lat' dir='ltr'>vnus</span> <span class='ocrx_word' id='word_1_195' title='bbox 1590 1854 1767 1895; x_wconf 86' lang='lat' dir='ltr'>Starka-</span> 
     </span>
     <span class='ocr_line' id='line_1_24' title="bbox 118 1924 413 1966; baseline 0.007 -2"><span class='ocrx_word' id='word_1_196' title='bbox 118 1924 275 1966; x_wconf 85' lang='lat' dir='ltr'>therus</span> <span class='ocrx_word' id='word_1_197' title='bbox 307 1929 413 1966; x_wconf 91' lang='lat' dir='ltr'>erat.</span> 
     </span>
    </p>

    <p class='ocr_par' dir='ltr' id='par_1_3' title="bbox 204 1997 1763 2053">
     <span class='ocr_line' id='line_1_25' title="bbox 204 1997 1763 2053; baseline 0.002 -15"><span class='ocrx_word' id='word_1_198' title='bbox 204 1997 342 2039; x_wconf 91' lang='lat' dir='ltr'><strong>XVII.</strong></span> <span class='ocrx_word' id='word_1_199' title='bbox 406 1998 514 2039; x_wconf 90' lang='lat' dir='ltr'>Post</span> <span class='ocrx_word' id='word_1_200' title='bbox 552 1999 641 2039; x_wconf 92' lang='lat' dir='ltr'>hoc</span> <span class='ocrx_word' id='word_1_201' title='bbox 678 2001 735 2040; x_wconf 93' lang='lat' dir='ltr'>ad</span> <span class='ocrx_word' id='word_1_202' title='bbox 771 2000 1023 2040; x_wconf 86' lang='lat' dir='ltr'>Haraldum</span> <span class='ocrx_word' id='word_1_203' title='bbox 1065 2000 1294 2053; x_wconf 88' lang='lat' dir='ltr'>profectus</span> <span class='ocrx_word' id='word_1_204' title='bbox 1334 2000 1473 2040; x_wconf 83' lang='lat' dir='ltr'>maris</span> <span class='ocrx_word' id='word_1_205' title='bbox 1505 2001 1763 2042; x_wconf 90' lang='lat' dir='ltr'>dominium</span> 
     </span>
    </p>
   </div>
   <div class='ocr_carea' id='block_1_3' title="bbox 119 2069 1798 2124">
    <p class='ocr_par' dir='ltr' id='par_1_4' title="bbox 119 2069 1798 2124">
     <span class='ocr_line' id='line_1_26' title="bbox 119 2069 1798 2124; baseline 0.002 -14"><span class='ocrx_word' id='word_1_206' title='bbox 119 2069 264 2110; x_wconf 86' lang='lat' dir='ltr'>eciam</span> <span class='ocrx_word' id='word_1_207' title='bbox 295 2070 353 2111; x_wconf 89' lang='lat' dir='ltr'>ab</span> <span class='ocrx_word' id='word_1_208' title='bbox 386 2084 439 2112; x_wconf 93' lang='lat' dir='ltr'>eo</span> <span class='ocrx_word' id='word_1_209' title='bbox 464 2071 645 2124; x_wconf 91' lang='lat' dir='ltr'>recepit.</span> <span class='ocrx_word' id='word_1_210' title='bbox 693 2072 902 2112; x_wconf 90' lang='lat' dir='ltr'>Tandem</span> <span class='ocrx_word' id='word_1_211' title='bbox 928 2072 1136 2123; x_wconf 86' lang='lat' dir='ltr'>Ringoni,</span> <span class='ocrx_word' id='word_1_212' title='bbox 1169 2072 1261 2124; x_wconf 87' lang='lat' dir='ltr'>regi</span> <span class='ocrx_word' id='word_1_213' title='bbox 1291 2073 1472 2123; x_wconf 87' lang='lat' dir='ltr'>Swecie,</span> <span class='ocrx_word' id='word_1_214' title='bbox 1506 2074 1551 2113; x_wconf 93' lang='lat' dir='ltr'>in</span> <span class='ocrx_word' id='word_1_215' title='bbox 1579 2075 1766 2115; x_wconf 89' lang='lat' dir='ltr'>commi·</span> <span class='ocrx_word' id='word_1_216' title='bbox 1792 2084 1798 2093; x_wconf 75' lang='lat'><strong>⁴</strong></span> 
     </span>
    </p>
   </div>
   <div class='ocr_carea' id='block_1_4' title="bbox 118 2141 1765 2271">
    <p class='ocr_par' dir='ltr' id='par_1_5' title="bbox 118 2141 1765 2271">
     <span class='ocr_line' id='line_1_27' title="bbox 119 2141 1765 2198; baseline 0.002 -15"><span class='ocrx_word' id='word_1_217' title='bbox 119 2141 276 2183; x_wconf 85' lang='lat' dir='ltr'>licium</span> <span class='ocrx_word' id='word_1_218' title='bbox 315 2143 560 2196; x_wconf 87' lang='lat' dir='ltr'>delegatur.</span> <span class='ocrx_word' id='word_1_219' title='bbox 633 2143 699 2184; x_wconf 90' lang='lat' dir='ltr'>Eo</span> <span class='ocrx_word' id='word_1_220' title='bbox 739 2147 944 2197; x_wconf 85' lang='lat' dir='ltr'>tempore</span> <span class='ocrx_word' id='word_1_221' title='bbox 987 2145 1139 2185; x_wconf 86' lang='lat' dir='ltr'>Bruno</span> <span class='ocrx_word' id='word_1_222' title='bbox 1181 2145 1369 2198; x_wconf 90' lang='lat' dir='ltr'>quidam</span> <span class='ocrx_word' id='word_1_223' title='bbox 1411 2146 1619 2186; x_wconf 90' lang='lat' dir='ltr'>omnium</span> <span class='ocrx_word' id='word_1_224' title='bbox 1663 2159 1765 2187; x_wconf 91' lang='lat' dir='ltr'>con-</span> 
     </span>
     <span class='ocr_line' id='line_1_28' title="bbox 118 2214 1765 2271; baseline 0.002 -16"><span class='ocrx_word' id='word_1_225' title='bbox 118 2214 327 2256; x_wconf 91' lang='lat' dir='ltr'>siliorum</span> <span class='ocrx_word' id='word_1_226' title='bbox 375 2216 563 2256; x_wconf 89' lang='lat' dir='ltr'>Haraldi</span> <span class='ocrx_word' id='word_1_227' title='bbox 610 2215 741 2257; x_wconf 86' lang='lat' dir='ltr'>vnice</span> <span class='ocrx_word' id='word_1_228' title='bbox 788 2215 1000 2256; x_wconf 88' lang='lat' dir='ltr'>conscius</span> <span class='ocrx_word' id='word_1_229' title='bbox 1048 2216 1152 2267; x_wconf 90' lang='lat' dir='ltr'>fuit,</span> <span class='ocrx_word' id='word_1_230' title='bbox 1209 2221 1392 2271; x_wconf 88' lang='lat' dir='ltr'>eratque</span> <span class='ocrx_word' id='word_1_231' title='bbox 1449 2218 1765 2259; x_wconf 86' lang='lat' dir='ltr'>internuncius</span> 
     </span>
    </p>
   </div>
   <div class='ocr_carea' id='block_1_5' title="bbox 178 2295 1763 2303">
    <p class='ocr_par' dir='ltr' id='par_1_6' title="bbox 178 2295 1763 2303">
     <span class='ocr_line' id='line_1_29' title="bbox 178 2295 1763 2303; baseline 0 0"><span class='ocrx_word' id='word_1_232' title='bbox 178 2295 1763 2303; x_wconf 95' lang='lat' dir='ltr'> </span> 
     </span>
    </p>
   </div>
   <div class='ocr_carea' id='block_1_6' title="bbox 115 2331 1765 3114">
    <p class='ocr_par' dir='ltr' id='par_1_7' title="bbox 115 2331 1765 3114">
     <span class='ocr_line' id='line_1_30' title="bbox 206 2331 1765 2380; baseline 0.003 -13"><span class='ocrx_word' id='word_1_233' title='bbox 206 2333 238 2369; x_wconf 95' lang='lat'>1.</span> <span class='ocrx_word' id='word_1_234' title='bbox 272 2331 536 2380; x_wconf 86' lang='lat' dir='ltr'>obpugnaret</span> <span class='ocrx_word' id='word_1_235' title='bbox 568 2333 612 2369; x_wconf 98' lang='lat' dir='ltr'>D.</span> <span class='ocrx_word' id='word_1_236' title='bbox 704 2333 738 2369; x_wconf 92' lang='lat'>2.</span> <span class='ocrx_word' id='word_1_237' title='bbox 771 2332 913 2368; x_wconf 85' lang='lat' dir='ltr'>malim</span> <span class='ocrx_word' id='word_1_238' title='bbox 946 2333 1152 2369; x_wconf 90' lang='lat' dir='ltr'>condicto.</span> <span class='ocrx_word' id='word_1_239' title='bbox 1242 2334 1337 2370; x_wconf 91' lang='lat' dir='ltr'>illos</span> <span class='ocrx_word' id='word_1_240' title='bbox 1369 2345 1515 2371; x_wconf 90' lang='lat' dir='ltr'>omnes</span> <span class='ocrx_word' id='word_1_241' title='bbox 1548 2335 1631 2379; x_wconf 85' lang='lat' dir='ltr'>AS;</span> <span class='ocrx_word' id='word_1_242' title='bbox 1671 2335 1765 2371; x_wconf 89' lang='lat' dir='ltr'>illos</span> 
     </span>
     <span class='ocr_line' id='line_1_31' title="bbox 117 2390 1763 2435; baseline 0.002 -11"><span class='ocrx_word' id='word_1_243' title='bbox 117 2399 196 2426; x_wconf 89' lang='lat' dir='ltr'>om.</span> <span class='ocrx_word' id='word_1_244' title='bbox 237 2390 282 2426; x_wconf 94' lang='lat' dir='ltr'>V.</span> <span class='ocrx_word' id='word_1_245' title='bbox 375 2390 410 2427; x_wconf 89' lang='lat'>3.</span> <span class='ocrx_word' id='word_1_246' title='bbox 453 2391 687 2426; x_wconf 88' lang='lat' dir='ltr'>omundum</span> <span class='ocrx_word' id='word_1_247' title='bbox 726 2390 777 2435; x_wconf 73' lang='lat' dir='ltr'>A,</span> <span class='ocrx_word' id='word_1_248' title='bbox 823 2390 1084 2426; x_wconf 85' lang='lat' dir='ltr'>odmundum</span> <span class='ocrx_word' id='word_1_249' title='bbox 1126 2391 1165 2427; x_wconf 93' lang='lat' dir='ltr'>S.</span> <span class='ocrx_word' id='word_1_250' title='bbox 1257 2392 1292 2427; x_wconf 83' lang='lat'>4.</span> <span class='ocrx_word' id='word_1_251' title='bbox 1338 2392 1543 2428; x_wconf 88' lang='lat' dir='ltr'>thorcone</span> <span class='ocrx_word' id='word_1_252' title='bbox 1583 2392 1621 2428; x_wconf 76' lang='lat' dir='ltr'>It.</span> <span class='ocrx_word' id='word_1_253' title='bbox 1661 2394 1683 2428; x_wconf 91' lang='lat' dir='ltr'>l.</span> <span class='ocrx_word' id='word_1_254' title='bbox 1726 2393 1763 2428; x_wconf 92' lang='lat' dir='ltr'>S.</span> 
     </span>
     <span class='ocr_line' id='line_1_32' title="bbox 119 2446 1764 2494; baseline 0.002 -12"><span class='ocrx_word' id='word_1_255' title='bbox 119 2446 154 2482; x_wconf 88' lang='lat'>6.</span> <span class='ocrx_word' id='word_1_256' title='bbox 184 2447 368 2493; x_wconf 86' lang='lat' dir='ltr'>perrexit</span> <span class='ocrx_word' id='word_1_257' title='bbox 400 2447 526 2493; x_wconf 73' lang='lat' dir='ltr'>Saxo,</span> <span class='ocrx_word' id='word_1_258' title='bbox 557 2458 636 2483; x_wconf 88' lang='lat' dir='ltr'><strong>om.</strong></span> <span class='ocrx_word' id='word_1_259' title='bbox 664 2448 755 2493; x_wconf 73' lang='lat' dir='ltr'>DV,</span> <span class='ocrx_word' id='word_1_260' title='bbox 787 2447 980 2483; x_wconf 88' lang='lat' dir='ltr'>veniebat</span> <span class='ocrx_word' id='word_1_261' title='bbox 1006 2447 1082 2483; x_wconf 92' lang='lat' dir='ltr'>AS.</span> <span class='ocrx_word' id='word_1_262' title='bbox 1145 2448 1178 2484; x_wconf 89' lang='lat'>7.</span> <span class='ocrx_word' id='word_1_263' title='bbox 1211 2449 1275 2484; x_wconf 89' lang='lat' dir='ltr'>sui</span> <span class='ocrx_word' id='word_1_264' title='bbox 1308 2449 1412 2485; x_wconf 89' lang='lat' dir='ltr'>socii</span> <span class='ocrx_word' id='word_1_265' title='bbox 1435 2450 1488 2494; x_wconf 71' lang='lat' dir='ltr'>V,</span> <span class='ocrx_word' id='word_1_266' title='bbox 1521 2450 1585 2485; x_wconf 88' lang='lat' dir='ltr'>sui</span> <span class='ocrx_word' id='word_1_267' title='bbox 1619 2461 1696 2486; x_wconf 80' lang='lat'><strong>0111.</strong></span> <span class='ocrx_word' id='word_1_268' title='bbox 1722 2451 1764 2485; x_wconf 95' lang='lat' dir='ltr'>A.</span> 
     </span>
     <span class='ocr_line' id='line_1_33' title="bbox 118 2503 1764 2553; baseline 0.002 -14"><span class='ocrx_word' id='word_1_269' title='bbox 118 2503 153 2539; x_wconf 89' lang='lat'>8.</span> <span class='ocrx_word' id='word_1_270' title='bbox 193 2504 380 2541; x_wconf 90' lang='lat' dir='ltr'>decreuit</span> <span class='ocrx_word' id='word_1_271' title='bbox 418 2505 550 2549; x_wconf 84' lang='lat' dir='ltr'>codd.;</span> <span class='ocrx_word' id='word_1_272' title='bbox 596 2505 762 2540; x_wconf 87' lang='lat' dir='ltr'>curauit</span> <span class='ocrx_word' id='word_1_273' title='bbox 801 2504 920 2540; x_wconf 75' lang='lat' dir='ltr'><strong>Saxo.</strong></span> <span class='ocrx_word' id='word_1_274' title='bbox 1012 2505 1227 2541; x_wconf 91' lang='lat' dir='ltr'>simulauit</span> <span class='ocrx_word' id='word_1_275' title='bbox 1259 2505 1297 2541; x_wconf 91' lang='lat' dir='ltr'>S.</span> <span class='ocrx_word' id='word_1_276' title='bbox 1393 2507 1428 2542; x_wconf 89' lang='lat'>9.</span> <span class='ocrx_word' id='word_1_277' title='bbox 1467 2506 1507 2542; x_wconf 86' lang='lat' dir='ltr'>in</span> <span class='ocrx_word' id='word_1_278' title='bbox 1550 2517 1678 2553; x_wconf 75' lang='lat' dir='ltr'>mat-9.</span> <span class='ocrx_word' id='word_1_279' title='bbox 1717 2507 1764 2543; x_wconf 87' lang='lat' dir='ltr'>S:</span> 
     </span>
     <span class='ocr_line' id='line_1_34' title="bbox 118 2561 1764 2612; baseline 0.002 -16"><span class='ocrx_word' id='word_1_280' title='bbox 118 2561 323 2598; x_wconf 88' lang='lat' dir='ltr'>stackarle</span> <span class='ocrx_word' id='word_1_281' title='bbox 361 2563 583 2609; x_wconf 83' lang='lat' dir='ltr'>konungh;</span> <span class='ocrx_word' id='word_1_282' title='bbox 632 2562 672 2597; x_wconf 83' lang='lat' dir='ltr'>in</span> <span class='ocrx_word' id='word_1_283' title='bbox 712 2562 743 2598; x_wconf 93' lang='lat' dir='ltr'><strong>A</strong></span> <span class='ocrx_word' id='word_1_284' title='bbox 783 2564 839 2597; x_wconf 84' lang='lat' dir='ltr'>est</span> <span class='ocrx_word' id='word_1_285' title='bbox 883 2561 986 2597; x_wconf 87' lang='lat' dir='ltr'>dixit</span> <span class='ocrx_word' id='word_1_286' title='bbox 1032 2573 1075 2598; x_wconf 87' lang='lat' dir='ltr'>se</span> <span class='ocrx_word' id='word_1_287' title='bbox 1114 2571 1289 2608; x_wconf 85' lang='lat' dir='ltr'>egenum</span> <span class='ocrx_word' id='word_1_288' title='bbox 1335 2562 1428 2612; x_wconf 87' lang='lat' dir='ltr'><strong>(om.</strong></span> <span class='ocrx_word' id='word_1_289' title='bbox 1471 2574 1561 2600; x_wconf 90' lang='lat' dir='ltr'>esse</span> <span class='ocrx_word' id='word_1_290' title='bbox 1600 2562 1764 2611; x_wconf 84' lang='lat' dir='ltr'>regem).</span> 
     </span>
     <span class='ocr_line' id='line_1_35' title="bbox 121 2618 1763 2668; baseline 0.001 -14"><span class='ocrx_word' id='word_1_291' title='bbox 121 2618 180 2655; x_wconf 91' lang='lat'>10.</span> <span class='ocrx_word' id='word_1_292' title='bbox 198 2618 294 2654; x_wconf 88' lang='lat' dir='ltr'>aula</span> <span class='ocrx_word' id='word_1_293' title='bbox 312 2619 419 2666; x_wconf 87' lang='lat' dir='ltr'>regis</span> <span class='ocrx_word' id='word_1_294' title='bbox 436 2620 577 2656; x_wconf 88' lang='lat' dir='ltr'>iocose</span> <span class='ocrx_word' id='word_1_295' title='bbox 597 2620 766 2655; x_wconf 89' lang='lat' dir='ltr'>nomine</span> <span class='ocrx_word' id='word_1_296' title='bbox 786 2619 893 2664; x_wconf 87' lang='lat' dir='ltr'>regis</span> <span class='ocrx_word' id='word_1_297' title='bbox 911 2620 963 2663; x_wconf 90' lang='lat' dir='ltr'>A;</span> <span class='ocrx_word' id='word_1_298' title='bbox 994 2619 1088 2654; x_wconf 88' lang='lat' dir='ltr'>aula</span> <span class='ocrx_word' id='word_1_299' title='bbox 1116 2620 1222 2665; x_wconf 86' lang='lat' dir='ltr'>regis</span> <span class='ocrx_word' id='word_1_300' title='bbox 1249 2620 1393 2657; x_wconf 90' lang='lat' dir='ltr'>iocoso</span> <span class='ocrx_word' id='word_1_301' title='bbox 1413 2621 1581 2657; x_wconf 88' lang='lat' dir='ltr'>nomine</span> <span class='ocrx_word' id='word_1_302' title='bbox 1600 2621 1706 2668; x_wconf 86' lang='lat' dir='ltr'>regis</span> <span class='ocrx_word' id='word_1_303' title='bbox 1725 2621 1763 2656; x_wconf 92' lang='lat' dir='ltr'>S.</span> 
     </span>
     <span class='ocr_line' id='line_1_36' title="bbox 120 2675 1763 2726; baseline 0.002 -16"><span class='ocrx_word' id='word_1_304' title='bbox 120 2675 182 2711; x_wconf 86' lang='lat'>11.</span> <span class='ocrx_word' id='word_1_305' title='bbox 208 2676 483 2713; x_wconf 89' lang='lat' dir='ltr'>ostenderunt</span> <span class='ocrx_word' id='word_1_306' title='bbox 508 2677 547 2713; x_wconf 93' lang='lat' dir='ltr'>S.</span> <span class='ocrx_word' id='word_1_307' title='bbox 623 2677 765 2712; x_wconf 90' lang='lat' dir='ltr'>dicens</span> <span class='ocrx_word' id='word_1_308' title='bbox 792 2687 886 2712; x_wconf 90' lang='lat' dir='ltr'>eum</span> <span class='ocrx_word' id='word_1_309' title='bbox 917 2676 961 2712; x_wconf 90' lang='lat' dir='ltr'>D.</span> <span class='ocrx_word' id='word_1_310' title='bbox 1030 2677 1089 2711; x_wconf 89' lang='lat'>12.</span> <span class='ocrx_word' id='word_1_311' title='bbox 1116 2676 1320 2713; x_wconf 88' lang='lat' dir='ltr'>haberent</span> <span class='ocrx_word' id='word_1_312' title='bbox 1345 2678 1378 2713; x_wconf 89' lang='lat' dir='ltr'>D</span> <span class='ocrx_word' id='word_1_313' title='bbox 1401 2676 1558 2726; x_wconf 70' lang='lat' dir='ltr'>(Saae0);</span> <span class='ocrx_word' id='word_1_314' title='bbox 1590 2678 1763 2714; x_wconf 88' lang='lat' dir='ltr'>haberet</span> 
     </span>
     <span class='ocr_line' id='line_1_37' title="bbox 116 2731 1764 2782; baseline 0.002 -15"><span class='ocrx_word' id='word_1_315' title='bbox 116 2732 230 2769; x_wconf 92' lang='lat' dir='ltr'><strong>VAS.</strong></span> <span class='ocrx_word' id='word_1_316' title='bbox 292 2733 477 2770; x_wconf 88' lang='lat' dir='ltr'>fecerant</span> <span class='ocrx_word' id='word_1_317' title='bbox 492 2734 636 2780; x_wconf 83' lang='lat' dir='ltr'>scripsi</span> <span class='ocrx_word' id='word_1_318' title='bbox 651 2731 923 2782; x_wconf 66' lang='lat' dir='ltr'>(eaeSctaeone),</span> <span class='ocrx_word' id='word_1_319' title='bbox 955 2732 1140 2768; x_wconf 87' lang='lat' dir='ltr'>facerent</span> <span class='ocrx_word' id='word_1_320' title='bbox 1164 2734 1275 2771; x_wconf 81' lang='lat' dir='ltr'>codd.</span> <span class='ocrx_word' id='word_1_321' title='bbox 1343 2735 1576 2779; x_wconf 81' lang='lat' dir='ltr'>l3.set(vel</span> <span class='ocrx_word' id='word_1_322' title='bbox 1592 2735 1764 2779; x_wconf 86' lang='lat' dir='ltr'>scilicet)</span> 
     </span>
     <span class='ocr_line' id='line_1_38' title="bbox 115 2787 1762 2838; baseline 0.002 -14"><span class='ocrx_word' id='word_1_323' title='bbox 115 2787 212 2837; x_wconf 81' lang='lat' dir='ltr'>(pro</span> <span class='ocrx_word' id='word_1_324' title='bbox 244 2789 354 2838; x_wconf 88' lang='lat' dir='ltr'>licet)</span> <span class='ocrx_word' id='word_1_325' title='bbox 384 2792 428 2828; x_wconf 89' lang='lat' dir='ltr'><strong>D.</strong></span> <span class='ocrx_word' id='word_1_326' title='bbox 493 2793 554 2827; x_wconf 84' lang='lat'>14.</span> <span class='ocrx_word' id='word_1_327' title='bbox 589 2791 737 2827; x_wconf 87' lang='lat' dir='ltr'>iuuare</span> <span class='ocrx_word' id='word_1_328' title='bbox 761 2793 964 2837; x_wconf 87' lang='lat' dir='ltr'>ceperunt</span> <span class='ocrx_word' id='word_1_329' title='bbox 988 2790 1031 2825; x_wconf 89' lang='lat' dir='ltr'>A.</span> <span class='ocrx_word' id='word_1_330' title='bbox 1096 2791 1156 2826; x_wconf 86' lang='lat'>15.</span> <span class='ocrx_word' id='word_1_331' title='bbox 1190 2791 1249 2826; x_wconf 89' lang='lat' dir='ltr'>sic</span> <span class='ocrx_word' id='word_1_332' title='bbox 1276 2792 1393 2828; x_wconf 92' lang='lat' dir='ltr'><strong>DVA.</strong></span> <span class='ocrx_word' id='word_1_333' title='bbox 1470 2803 1551 2828; x_wconf 90' lang='lat' dir='ltr'>non</span> <span class='ocrx_word' id='word_1_334' title='bbox 1585 2803 1662 2827; x_wconf 89' lang='lat' dir='ltr'>om.</span> <span class='ocrx_word' id='word_1_335' title='bbox 1686 2793 1762 2828; x_wconf 93' lang='lat' dir='ltr'>AS.</span> 
     </span>
     <span class='ocr_line' id='line_1_39' title="bbox 121 2847 1762 2895; baseline 0.001 -13"><span class='ocrx_word' id='word_1_336' title='bbox 121 2847 182 2883; x_wconf 86' lang='lat'>16.</span> <span class='ocrx_word' id='word_1_337' title='bbox 227 2847 362 2885; x_wconf 90' lang='lat' dir='ltr'>alonis</span> <span class='ocrx_word' id='word_1_338' title='bbox 409 2849 449 2885; x_wconf 93' lang='lat' dir='ltr'>S.</span> <span class='ocrx_word' id='word_1_339' title='bbox 540 2849 816 2895; x_wconf 87' lang='lat' dir='ltr'>interemptus</span> <span class='ocrx_word' id='word_1_340' title='bbox 863 2847 939 2883; x_wconf 92' lang='lat' dir='ltr'>AS.</span> <span class='ocrx_word' id='word_1_341' title='bbox 1033 2848 1093 2883; x_wconf 88' lang='lat'>17.</span> <span class='ocrx_word' id='word_1_342' title='bbox 1142 2847 1348 2884; x_wconf 90' lang='lat' dir='ltr'>liotharus</span> <span class='ocrx_word' id='word_1_343' title='bbox 1391 2850 1444 2889; x_wconf 83' lang='lat' dir='ltr'>V;</span> <span class='ocrx_word' id='word_1_344' title='bbox 1491 2849 1663 2885; x_wconf 86' lang='lat' dir='ltr'>lietarus</span> <span class='ocrx_word' id='word_1_345' title='bbox 1712 2850 1762 2893; x_wconf 76' lang='lat' dir='ltr'>D,</span> 
     </span>
     <span class='ocr_line' id='line_1_40' title="bbox 117 2903 1760 2951; baseline 0.002 -12"><span class='ocrx_word' id='word_1_346' title='bbox 117 2903 298 2940; x_wconf 89' lang='lat' dir='ltr'>hocarus</span> <span class='ocrx_word' id='word_1_347' title='bbox 345 2906 405 2941; x_wconf 88' lang='lat' dir='ltr'>vel</span> <span class='ocrx_word' id='word_1_348' title='bbox 449 2907 624 2942; x_wconf 88' lang='lat' dir='ltr'>hotarus</span> <span class='ocrx_word' id='word_1_349' title='bbox 655 2905 699 2941; x_wconf 90' lang='lat' dir='ltr'>A.</span> <span class='ocrx_word' id='word_1_350' title='bbox 787 2904 966 2941; x_wconf 86' lang='lat' dir='ltr'>letaliter</span> <span class='ocrx_word' id='word_1_351' title='bbox 1002 2904 1066 2940; x_wconf 91' lang='lat' dir='ltr'>AS</span> <span class='ocrx_word' id='word_1_352' title='bbox 1111 2904 1172 2951; x_wconf 81' lang='lat' dir='ltr'>(ut</span> <span class='ocrx_word' id='word_1_353' title='bbox 1216 2904 1357 2951; x_wconf 76' lang='lat' dir='ltr'>Sax0);</span> <span class='ocrx_word' id='word_1_354' title='bbox 1404 2906 1637 2942; x_wconf 88' lang='lat' dir='ltr'>mortaliter</span> <span class='ocrx_word' id='word_1_355' title='bbox 1678 2907 1760 2942; x_wconf 91' lang='lat' dir='ltr'>DV.</span> 
     </span>
     <span class='ocr_line' id='line_1_41' title="bbox 122 2960 1760 3010; baseline 0.002 -14"><span class='ocrx_word' id='word_1_356' title='bbox 122 2960 180 2997; x_wconf 89' lang='lat'>18.</span> <span class='ocrx_word' id='word_1_357' title='bbox 214 2962 350 3008; x_wconf 91' lang='lat' dir='ltr'>qualis</span> <span class='ocrx_word' id='word_1_358' title='bbox 374 2963 427 3007; x_wconf 90' lang='lat' dir='ltr'>A;</span> <span class='ocrx_word' id='word_1_359' title='bbox 458 2974 540 3010; x_wconf 91' lang='lat' dir='ltr'>qua</span> <span class='ocrx_word' id='word_1_360' title='bbox 567 2963 605 2999; x_wconf 92' lang='lat' dir='ltr'>S.</span> <span class='ocrx_word' id='word_1_361' title='bbox 682 2962 759 2998; x_wconf 87' lang='lat' dir='ltr'>fuit</span> <span class='ocrx_word' id='word_1_362' title='bbox 791 2962 828 2998; x_wconf 90' lang='lat' dir='ltr'>S.</span> <span class='ocrx_word' id='word_1_363' title='bbox 894 2962 955 2997; x_wconf 85' lang='lat'>19.</span> <span class='ocrx_word' id='word_1_364' title='bbox 989 2961 1090 2997; x_wconf 87' lang='lat' dir='ltr'>vidit</span> <span class='ocrx_word' id='word_1_365' title='bbox 1121 2972 1198 2998; x_wconf 86' lang='lat' dir='ltr'>om.</span> <span class='ocrx_word' id='word_1_366' title='bbox 1223 2963 1268 2999; x_wconf 92' lang='lat' dir='ltr'>A.</span> <span class='ocrx_word' id='word_1_367' title='bbox 1332 2964 1394 2999; x_wconf 90' lang='lat'>22.</span> <span class='ocrx_word' id='word_1_368' title='bbox 1428 2963 1698 2999; x_wconf 89' lang='lat' dir='ltr'>sociebantur</span> <span class='ocrx_word' id='word_1_369' title='bbox 1716 2964 1760 2999; x_wconf 92' lang='lat' dir='ltr'>D.</span> 
     </span>
     <span class='ocr_line' id='line_1_42' title="bbox 117 3017 1760 3067; baseline 0.002 -15"><span class='ocrx_word' id='word_1_370' title='bbox 117 3017 180 3054; x_wconf 84' lang='lat'>24.</span> <span class='ocrx_word' id='word_1_371' title='bbox 213 3018 312 3056; x_wconf 89' lang='lat' dir='ltr'>Post</span> <span class='ocrx_word' id='word_1_372' title='bbox 342 3019 421 3056; x_wconf 90' lang='lat' dir='ltr'>hec</span> <span class='ocrx_word' id='word_1_373' title='bbox 451 3021 496 3057; x_wconf 92' lang='lat' dir='ltr'>V.</span> <span class='ocrx_word' id='word_1_374' title='bbox 558 3021 623 3057; x_wconf 87' lang='lat'>25.</span> <span class='ocrx_word' id='word_1_375' title='bbox 657 3019 792 3066; x_wconf 85' lang='lat' dir='ltr'>rigoni</span> <span class='ocrx_word' id='word_1_376' title='bbox 825 3019 902 3055; x_wconf 91' lang='lat' dir='ltr'>DS.</span> <span class='ocrx_word' id='word_1_377' title='bbox 978 3018 1019 3054; x_wconf 92' lang='lat' dir='ltr'>in</span> <span class='ocrx_word' id='word_1_378' title='bbox 1053 3029 1129 3054; x_wconf 87' lang='lat' dir='ltr'>om.</span> <span class='ocrx_word' id='word_1_379' title='bbox 1162 3020 1212 3064; x_wconf 88' lang='lat' dir='ltr'>A;</span> <span class='ocrx_word' id='word_1_380' title='bbox 1248 3020 1289 3056; x_wconf 80' lang='lat' dir='ltr'>R.</span> <span class='ocrx_word' id='word_1_381' title='bbox 1322 3031 1350 3057; x_wconf 90' lang='lat' dir='ltr'>r.</span> <span class='ocrx_word' id='word_1_382' title='bbox 1379 3020 1457 3058; x_wconf 87' lang='lat' dir='ltr'>Sw.</span> <span class='ocrx_word' id='word_1_383' title='bbox 1492 3020 1760 3067; x_wconf 86' lang='lat' dir='ltr'>delegebatur</span> 
     </span>
     <span class='ocr_line' id='line_1_43' title="bbox 117 3075 935 3114; baseline 0.001 -4"><span class='ocrx_word' id='word_1_384' title='bbox 117 3076 416 3113; x_wconf 85' lang='lat' dir='ltr'>commilicium</span> <span class='ocrx_word' id='word_1_385' title='bbox 449 3077 489 3114; x_wconf 93' lang='lat' dir='ltr'>S.</span> <span class='ocrx_word' id='word_1_386' title='bbox 550 3078 614 3114; x_wconf 93' lang='lat'>27.</span> <span class='ocrx_word' id='word_1_387' title='bbox 647 3077 828 3113; x_wconf 88' lang='lat' dir='ltr'>nuncius</span> <span class='ocrx_word' id='word_1_388' title='bbox 860 3075 935 3112; x_wconf 93' lang='lat' dir='ltr'>AS.</span> 
     </span>
    </p>
   </div>
   <div class='ocr_carea' id='block_1_7' title="bbox 1800 630 1818 658">
    <p class='ocr_par' dir='ltr' id='par_1_8' title="bbox 1800 630 1818 658">
     <span class='ocr_line' id='line_1_44' title="bbox 1800 630 1818 658; baseline 0 0"><span class='ocrx_word' id='word_1_389' title='bbox 1800 630 1818 658; x_wconf 81' lang='lat'>5</span> 
     </span>
    </p>
   </div>
   <div class='ocr_carea' id='block_1_8' title="bbox 1801 994 1840 1023">
    <p class='ocr_par' dir='ltr' id='par_1_9' title="bbox 1801 994 1840 1023">
     <span class='ocr_line' id='line_1_45' title="bbox 1801 994 1840 1023; baseline 0 0"><span class='ocrx_word' id='word_1_390' title='bbox 1801 994 1840 1023; x_wconf 89' lang='lat'><strong>10</strong></span> 
     </span>
    </p>
   </div>
   <div class='ocr_carea' id='block_1_9' title="bbox 1799 1356 1837 1386">
    <p class='ocr_par' dir='ltr' id='par_1_10' title="bbox 1799 1356 1837 1386">
     <span class='ocr_line' id='line_1_46' title="bbox 1799 1356 1837 1386; baseline -0.026 0"><span class='ocrx_word' id='word_1_391' title='bbox 1799 1356 1837 1386; x_wconf 79' lang='lat'><strong>15</strong></span> 
     </span>
    </p>
   </div>
  </div>
 </body>
</html>
