<?xml version="1.0" encoding="UTF-8"?>
<!DOCTYPE html PUBLIC "-//W3C//DTD XHTML 1.0 Transitional//EN"
    "http://www.w3.org/TR/xhtml1/DTD/xhtml1-transitional.dtd">
<html xmlns="http://www.w3.org/1999/xhtml" xml:lang="en" lang="en">
 <head>
  <title>
</title>
<meta http-equiv="Content-Type" content="text/html;charset=utf-8" />
  <meta name='ocr-system' content='tesseract 3.04.00' />
  <meta name='ocr-capabilities' content='ocr_page ocr_carea ocr_par ocr_line ocrx_word'/>
</head>
<body>
  <div class='ocr_page' id='page_1' title='image "./scriptoresminore112gert_0293.png"; bbox 0 0 2150 3584; ppageno 0'>
   <div class='ocr_carea' id='block_1_1' title="bbox 531 204 1716 242">
    <p class='ocr_par' dir='ltr' id='par_1_1' title="bbox 531 204 1716 242">
     <span class='ocr_line' id='line_1_1' title="bbox 531 204 1716 242; baseline 0.003 -3"><span class='ocrx_word' id='word_1_1' title='bbox 531 210 824 239; x_wconf 77' lang='lat' dir='ltr'>COMPENDWM</span> <span class='ocrx_word' id='word_1_2' title='bbox 859 209 1058 239; x_wconf 72' lang='lat' dir='ltr'>SAxoms.</span> <span class='ocrx_word' id='word_1_3' title='bbox 1108 210 1191 239; x_wconf 78' lang='lat' dir='ltr'>Lm.</span> <span class='ocrx_word' id='word_1_4' title='bbox 1225 211 1251 239; x_wconf 91' lang='lat' dir='ltr'>v</span> <span class='ocrx_word' id='word_1_5' title='bbox 1635 204 1716 242; x_wconf 79' lang='lat'>275</span> 
     </span>
    </p>
   </div>
   <div class='ocr_carea' id='block_1_2' title="bbox 72 323 1794 2328">
    <p class='ocr_par' dir='ltr' id='par_1_2' title="bbox 72 323 1764 800">
     <span class='ocr_line' id='line_1_2' title="bbox 72 323 1716 379; baseline 0 -12"><span class='ocrx_word' id='word_1_6' title='bbox 72 326 274 379; x_wconf 88' lang='lat' dir='ltr'>alioquin</span> <span class='ocrx_word' id='word_1_7' title='bbox 308 325 354 365; x_wconf 92' lang='lat' dir='ltr'>in</span> <span class='ocrx_word' id='word_1_8' title='bbox 388 337 577 377; x_wconf 87' lang='lat' dir='ltr'>corpore</span> <span class='ocrx_word' id='word_1_9' title='bbox 610 323 865 376; x_wconf 66' lang='lat' dir='ltr'>puniatur«</span> <span class='ocrx_word' id='word_1_10' title='bbox 908 346 961 350; x_wconf 92' lang='lat'>——</span> <span class='ocrx_word' id='word_1_11' title='bbox 1002 323 1133 364; x_wconf 89' lang='lat' dir='ltr'>Item:</span> <span class='ocrx_word' id='word_1_12' title='bbox 1184 324 1373 365; x_wconf 85' lang='lat' dir='ltr'>»Omnis</span> <span class='ocrx_word' id='word_1_13' title='bbox 1405 327 1716 367; x_wconf 83' lang='lat' dir='ltr'>controuersia</span> 
     </span>
     <span class='ocr_line' id='line_1_3' title="bbox 72 395 1716 453; baseline -0.001 -14"><span class='ocrx_word' id='word_1_14' title='bbox 72 411 151 453; x_wconf 90' lang='lat' dir='ltr'>per</span> <span class='ocrx_word' id='word_1_15' title='bbox 181 398 384 438; x_wconf 90' lang='lat' dir='ltr'>duellum</span> <span class='ocrx_word' id='word_1_16' title='bbox 421 396 709 442; x_wconf 85' lang='lat' dir='ltr'>terminetur;</span> <span class='ocrx_word' id='word_1_17' title='bbox 757 396 878 448; x_wconf 89' lang='lat' dir='ltr'>quod</span> <span class='ocrx_word' id='word_1_18' title='bbox 913 395 947 434; x_wconf 84' lang='lat' dir='ltr'>si</span> <span class='ocrx_word' id='word_1_19' title='bbox 979 396 1090 435; x_wconf 88' lang='lat' dir='ltr'>alter</span> <span class='ocrx_word' id='word_1_20' title='bbox 1121 396 1448 436; x_wconf 66' lang='lat' dir='ltr'>dimicant-ium</span> <span class='ocrx_word' id='word_1_21' title='bbox 1483 402 1604 438; x_wconf 88' lang='lat' dir='ltr'>extra</span> <span class='ocrx_word' id='word_1_22' title='bbox 1638 399 1716 438; x_wconf 86' lang='lat' dir='ltr'>cir-</span> 
     </span>
     <span class='ocr_line' id='line_1_4' title="bbox 72 467 1717 522; baseline -0.001 -11"><span class='ocrx_word' id='word_1_23' title='bbox 72 470 227 512; x_wconf 85' lang='lat' dir='ltr'>culum</span> <span class='ocrx_word' id='word_1_24' title='bbox 275 470 437 522; x_wconf 90' lang='lat' dir='ltr'>pedem</span> <span class='ocrx_word' id='word_1_25' title='bbox 486 467 702 521; x_wconf 79' lang='lat' dir='ltr'>posuerit,</span> <span class='ocrx_word' id='word_1_26' title='bbox 749 480 831 520; x_wconf 92' lang='lat' dir='ltr'>pro</span> <span class='ocrx_word' id='word_1_27' title='bbox 880 467 997 507; x_wconf 92' lang='lat' dir='ltr'>victo</span> <span class='ocrx_word' id='word_1_28' title='bbox 1045 467 1305 509; x_wconf 67' lang='lat' dir='ltr'>habeatur«</span> <span class='ocrx_word' id='word_1_29' title='bbox 1357 492 1410 496; x_wconf 90' lang='lat'>——</span> <span class='ocrx_word' id='word_1_30' title='bbox 1460 470 1592 510; x_wconf 83' lang='lat' dir='ltr'>Item:</span> <span class='ocrx_word' id='word_1_31' title='bbox 1649 471 1717 510; x_wconf 81' lang='lat' dir='ltr'>»Si</span> 
     </span>
     <span class='ocr_line' id='line_1_5' title="bbox 74 540 1717 596; baseline -0.001 -13"><span class='ocrx_word' id='word_1_32' title='bbox 74 541 307 596; x_wconf 86' lang='lat' dir='ltr'>popularis</span> <span class='ocrx_word' id='word_1_33' title='bbox 354 541 553 594; x_wconf 85' lang='lat' dir='ltr'>pugilem</span> <span class='ocrx_word' id='word_1_34' title='bbox 601 540 851 592; x_wconf 73' lang='lat' dir='ltr'>impeteret,</span> <span class='ocrx_word' id='word_1_35' title='bbox 898 543 1103 579; x_wconf 82' lang='lat' dir='ltr'>armatus</span> <span class='ocrx_word' id='word_1_36' title='bbox 1150 552 1304 580; x_wconf 85' lang='lat' dir='ltr'>secum</span> <span class='ocrx_word' id='word_1_37' title='bbox 1345 542 1612 593; x_wconf 79' lang='lat' dir='ltr'>confligeret,</span> <span class='ocrx_word' id='word_1_38' title='bbox 1660 543 1717 582; x_wconf 82' lang='lat' dir='ltr'>ita</span> 
     </span>
     <span class='ocr_line' id='line_1_6' title="bbox 72 611 1764 669; baseline -0.002 -14"><span class='ocrx_word' id='word_1_39' title='bbox 72 615 194 669; x_wconf 88' lang='lat' dir='ltr'>quod</span> <span class='ocrx_word' id='word_1_40' title='bbox 228 613 351 667; x_wconf 89' lang='lat' dir='ltr'>pugil</span> <span class='ocrx_word' id='word_1_41' title='bbox 384 612 571 653; x_wconf 80' lang='lat' dir='ltr'>cubitali</span> <span class='ocrx_word' id='word_1_42' title='bbox 604 611 753 664; x_wconf 81' lang='lat' dir='ltr'>stipite</span> <span class='ocrx_word' id='word_1_43' title='bbox 785 612 839 651; x_wconf 91' lang='lat' dir='ltr'>ad</span> <span class='ocrx_word' id='word_1_44' title='bbox 875 612 1174 664; x_wconf 80' lang='lat' dir='ltr'>pugnandum</span> <span class='ocrx_word' id='word_1_45' title='bbox 1210 617 1450 653; x_wconf 79' lang='lat' dir='ltr'>contentus</span> <span class='ocrx_word' id='word_1_46' title='bbox 1483 618 1635 655; x_wconf 45' lang='lat' dir='ltr'>essetf&lt;</span> <span class='ocrx_word' id='word_1_47' title='bbox 1667 638 1718 642; x_wconf 86' lang='lat'>—-</span> <span class='ocrx_word' id='word_1_48' title='bbox 1746 623 1764 652; x_wconf 82' lang='lat'><strong>5</strong></span> 
     </span>
     <span class='ocr_line' id='line_1_7' title="bbox 75 683 1717 735; baseline -0.001 -8"><span class='ocrx_word' id='word_1_49' title='bbox 75 687 206 727; x_wconf 88' lang='lat' dir='ltr'>Item:</span> <span class='ocrx_word' id='word_1_50' title='bbox 246 685 315 727; x_wconf 88' lang='lat' dir='ltr'>»Si</span> <span class='ocrx_word' id='word_1_51' title='bbox 336 685 495 725; x_wconf 81' lang='lat' dir='ltr'>Dauus</span> <span class='ocrx_word' id='word_1_52' title='bbox 520 684 578 724; x_wconf 90' lang='lat' dir='ltr'>ab</span> <span class='ocrx_word' id='word_1_53' title='bbox 605 688 818 724; x_wconf 83' lang='lat' dir='ltr'>extraneo</span> <span class='ocrx_word' id='word_1_54' title='bbox 845 683 1142 735; x_wconf 80' lang='lat' dir='ltr'>occideretur,</span> <span class='ocrx_word' id='word_1_55' title='bbox 1175 686 1372 725; x_wconf 86' lang='lat' dir='ltr'>duorum</span> <span class='ocrx_word' id='word_1_56' title='bbox 1400 690 1717 726; x_wconf 84' lang='lat' dir='ltr'>extraneorum</span> 
     </span>
     <span class='ocr_line' id='line_1_8' title="bbox 74 758 568 800; baseline -0.012 0"><span class='ocrx_word' id='word_1_57' title='bbox 74 771 181 800; x_wconf 83' lang='lat' dir='ltr'>nece</span> <span class='ocrx_word' id='word_1_58' title='bbox 214 758 568 799; x_wconf 71' lang='lat' dir='ltr'>emendaretur«</span> 
     </span>
    </p>

    <p class='ocr_par' dir='ltr' id='par_1_3' title="bbox 74 828 1794 2328">
     <span class='ocr_line' id='line_1_9' title="bbox 157 828 1720 882; baseline -0.001 -11"><span class='ocrx_word' id='word_1_59' title='bbox 157 830 230 871; x_wconf 89' lang='lat' dir='ltr'>XI.</span> <span class='ocrx_word' id='word_1_60' title='bbox 296 830 469 870; x_wconf 82' lang='lat' dir='ltr'>Interea</span> <span class='ocrx_word' id='word_1_61' title='bbox 505 829 747 879; x_wconf 86' lang='lat' dir='ltr'>Gotharus,</span> <span class='ocrx_word' id='word_1_62' title='bbox 790 841 867 869; x_wconf 88' lang='lat' dir='ltr'>rex</span> <span class='ocrx_word' id='word_1_63' title='bbox 902 828 1158 880; x_wconf 87' lang='lat' dir='ltr'>Norwegie‚</span> <span class='ocrx_word' id='word_1_64' title='bbox 1200 834 1328 882; x_wconf 89' lang='lat' dir='ltr'>parat</span> <span class='ocrx_word' id='word_1_65' title='bbox 1361 830 1632 882; x_wconf 87' lang='lat' dir='ltr'>exereitum,</span> <span class='ocrx_word' id='word_1_66' title='bbox 1679 836 1720 871; x_wconf 69' lang='lat' dir='ltr'>vt</span> 
     </span>
     <span class='ocr_line' id='line_1_10' title="bbox 74 901 1720 954; baseline -0.001 -10"><span class='ocrx_word' id='word_1_67' title='bbox 74 917 120 944; x_wconf 86' lang='lat' dir='ltr'>se</span> <span class='ocrx_word' id='word_1_68' title='bbox 151 902 349 944; x_wconf 80' lang='lat' dir='ltr'>vindicet</span> <span class='ocrx_word' id='word_1_69' title='bbox 381 902 436 942; x_wconf 90' lang='lat' dir='ltr'>de</span> <span class='ocrx_word' id='word_1_70' title='bbox 470 902 616 941; x_wconf 83' lang='lat' dir='ltr'>Erico.</span> <span class='ocrx_word' id='word_1_71' title='bbox 691 901 774 942; x_wconf 88' lang='lat' dir='ltr'>Cui</span> <span class='ocrx_word' id='word_1_72' title='bbox 810 901 981 941; x_wconf 90' lang='lat' dir='ltr'>Frotho</span> <span class='ocrx_word' id='word_1_73' title='bbox 1024 914 1130 941; x_wconf 87' lang='lat' dir='ltr'>cum</span> <span class='ocrx_word' id='word_1_74' title='bbox 1174 902 1316 942; x_wconf 87' lang='lat' dir='ltr'>classe</span> <span class='ocrx_word' id='word_1_75' title='bbox 1353 902 1399 942; x_wconf 88' lang='lat' dir='ltr'>in</span> <span class='ocrx_word' id='word_1_76' title='bbox 1433 903 1720 954; x_wconf 84' lang='lat' dir='ltr'>Norwegiam</span> 
     </span>
     <span class='ocr_line' id='line_1_11' title="bbox 74 972 1789 1025; baseline -0.002 -9"><span class='ocrx_word' id='word_1_77' title='bbox 74 975 269 1017; x_wconf 84' lang='lat' dir='ltr'>occurrit</span> <span class='ocrx_word' id='word_1_78' title='bbox 300 987 353 1015; x_wconf 87' lang='lat' dir='ltr'>ac</span> <span class='ocrx_word' id='word_1_79' title='bbox 384 987 488 1015; x_wconf 91' lang='lat' dir='ltr'>eum</span> <span class='ocrx_word' id='word_1_80' title='bbox 523 973 766 1023; x_wconf 76' lang='lat' dir='ltr'>interfecit3</span> <span class='ocrx_word' id='word_1_81' title='bbox 799 972 931 1013; x_wconf 89' lang='lat' dir='ltr'>cuius</span> <span class='ocrx_word' id='word_1_82' title='bbox 963 984 1155 1025; x_wconf 85' lang='lat' dir='ltr'>regnum</span> <span class='ocrx_word' id='word_1_83' title='bbox 1177 974 1356 1014; x_wconf 91' lang='lat' dir='ltr'>Rollero</span> <span class='ocrx_word' id='word_1_84' title='bbox 1387 975 1558 1015; x_wconf 86' lang='lat' dir='ltr'>Frotho</span> <span class='ocrx_word' id='word_1_85' title='bbox 1584 975 1718 1015; x_wconf 85' lang='lat' dir='ltr'>dedit.</span> <span class='ocrx_word' id='word_1_86' title='bbox 1749 984 1789 1013; x_wconf 82' lang='lat'>10</span> 
     </span>
     <span class='ocr_line' id='line_1_12' title="bbox 76 1045 1723 1100; baseline -0.001 -11"><span class='ocrx_word' id='word_1_87' title='bbox 76 1049 174 1090; x_wconf 91' lang='lat' dir='ltr'>Hiis</span> <span class='ocrx_word' id='word_1_88' title='bbox 205 1047 340 1100; x_wconf 86' lang='lat' dir='ltr'>gestis</span> <span class='ocrx_word' id='word_1_89' title='bbox 361 1047 530 1087; x_wconf 86' lang='lat' dir='ltr'>Frotho</span> <span class='ocrx_word' id='word_1_90' title='bbox 564 1058 745 1086; x_wconf 88' lang='lat' dir='ltr'>summa</span> <span class='ocrx_word' id='word_1_91' title='bbox 780 1057 890 1096; x_wconf 87' lang='lat' dir='ltr'>pace</span> <span class='ocrx_word' id='word_1_92' title='bbox 922 1058 1002 1098; x_wconf 90' lang='lat' dir='ltr'>per</span> <span class='ocrx_word' id='word_1_93' title='bbox 1027 1045 1276 1086; x_wconf 86' lang='lat' dir='ltr'>triennium</span> <span class='ocrx_word' id='word_1_94' title='bbox 1306 1046 1551 1087; x_wconf 79' lang='lat' dir='ltr'>fruebatur.</span> <span class='ocrx_word' id='word_1_95' title='bbox 1605 1048 1723 1087; x_wconf 87' lang='lat' dir='ltr'>Inter</span> 
     </span>
     <span class='ocr_line' id='line_1_13' title="bbox 75 1117 1722 1172; baseline -0.002 -10"><span class='ocrx_word' id='word_1_96' title='bbox 75 1122 158 1162; x_wconf 87' lang='lat' dir='ltr'>hec</span> <span class='ocrx_word' id='word_1_97' title='bbox 188 1133 266 1160; x_wconf 84' lang='lat' dir='ltr'>rex</span> <span class='ocrx_word' id='word_1_98' title='bbox 292 1119 552 1170; x_wconf 87' lang='lat' dir='ltr'>Hunorum,</span> <span class='ocrx_word' id='word_1_99' title='bbox 585 1117 778 1158; x_wconf 86' lang='lat' dir='ltr'>audiens</span> <span class='ocrx_word' id='word_1_100' title='bbox 811 1117 954 1157; x_wconf 83' lang='lat' dir='ltr'>tiliam</span> <span class='ocrx_word' id='word_1_101' title='bbox 990 1130 1120 1158; x_wconf 85' lang='lat' dir='ltr'>suam</span> <span class='ocrx_word' id='word_1_102' title='bbox 1156 1118 1457 1171; x_wconf 79' lang='lat' dir='ltr'>repudiatam,</span> <span class='ocrx_word' id='word_1_103' title='bbox 1491 1132 1569 1172; x_wconf 89' lang='lat' dir='ltr'>per</span> <span class='ocrx_word' id='word_1_104' title='bbox 1601 1119 1722 1159; x_wconf 88' lang='lat' dir='ltr'>bien-</span> 
     </span>
     <span class='ocr_line' id='line_1_14' title="bbox 77 1190 1722 1244; baseline -0.001 -11"><span class='ocrx_word' id='word_1_105' title='bbox 77 1193 203 1233; x_wconf 88' lang='lat' dir='ltr'>nium</span> <span class='ocrx_word' id='word_1_106' title='bbox 237 1205 283 1233; x_wconf 93' lang='lat' dir='ltr'>se</span> <span class='ocrx_word' id='word_1_107' title='bbox 316 1195 445 1244; x_wconf 85' lang='lat' dir='ltr'>parat</span> <span class='ocrx_word' id='word_1_108' title='bbox 477 1192 533 1231; x_wconf 89' lang='lat' dir='ltr'>ad</span> <span class='ocrx_word' id='word_1_109' title='bbox 561 1190 829 1232; x_wconf 88' lang='lat' dir='ltr'>bellandum</span> <span class='ocrx_word' id='word_1_110' title='bbox 858 1202 961 1230; x_wconf 90' lang='lat' dir='ltr'>cum</span> <span class='ocrx_word' id='word_1_111' title='bbox 985 1190 1233 1241; x_wconf 87' lang='lat' dir='ltr'>Frothone,</span> <span class='ocrx_word' id='word_1_112' title='bbox 1266 1191 1482 1231; x_wconf 86' lang='lat' dir='ltr'>adiuncto</span> <span class='ocrx_word' id='word_1_113' title='bbox 1507 1191 1592 1231; x_wconf 87' lang='lat' dir='ltr'>sibi</span> <span class='ocrx_word' id='word_1_114' title='bbox 1622 1203 1722 1243; x_wconf 89' lang='lat' dir='ltr'>rege</span> 
     </span>
     <span class='ocr_line' id='line_1_15' title="bbox 77 1262 1723 1316; baseline -0.002 -10"><span class='ocrx_word' id='word_1_115' title='bbox 77 1264 380 1306; x_wconf 85' lang='lat' dir='ltr'>Orientalium</span> <span class='ocrx_word' id='word_1_116' title='bbox 408 1263 628 1304; x_wconf 88' lang='lat' dir='ltr'>Olimaro.</span> <span class='ocrx_word' id='word_1_117' title='bbox 692 1263 864 1303; x_wconf 87' lang='lat' dir='ltr'>Frotho</span> <span class='ocrx_word' id='word_1_118' title='bbox 898 1263 986 1302; x_wconf 90' lang='lat' dir='ltr'>hoc</span> <span class='ocrx_word' id='word_1_119' title='bbox 1017 1262 1209 1302; x_wconf 90' lang='lat' dir='ltr'>audiens</span> <span class='ocrx_word' id='word_1_120' title='bbox 1242 1264 1534 1315; x_wconf 87' lang='lat' dir='ltr'>congregauit</span> <span class='ocrx_word' id='word_1_121' title='bbox 1555 1264 1723 1316; x_wconf 86' lang='lat' dir='ltr'>Danos,</span> 
     </span>
     <span class='ocr_line' id='line_1_16' title="bbox 77 1335 1790 1390; baseline -0.001 -12"><span class='ocrx_word' id='word_1_122' title='bbox 77 1337 267 1378; x_wconf 84' lang='lat' dir='ltr'>Noricos</span> <span class='ocrx_word' id='word_1_123' title='bbox 298 1340 434 1390; x_wconf 87' lang='lat' dir='ltr'>atque</span> <span class='ocrx_word' id='word_1_124' title='bbox 467 1336 643 1388; x_wconf 89' lang='lat' dir='ltr'>Slauos,</span> <span class='ocrx_word' id='word_1_125' title='bbox 684 1335 868 1375; x_wconf 88' lang='lat' dir='ltr'>mittens</span> <span class='ocrx_word' id='word_1_126' title='bbox 902 1335 1104 1387; x_wconf 84' lang='lat' dir='ltr'>Ericum,</span> <span class='ocrx_word' id='word_1_127' title='bbox 1152 1339 1197 1375; x_wconf 86' lang='lat' dir='ltr'>vt</span> <span class='ocrx_word' id='word_1_128' title='bbox 1229 1335 1442 1375; x_wconf 85' lang='lat' dir='ltr'>hostilem</span> <span class='ocrx_word' id='word_1_129' title='bbox 1475 1336 1720 1376; x_wconf 83' lang='lat' dir='ltr'>exercitum</span> <span class='ocrx_word' id='word_1_130' title='bbox 1751 1345 1790 1375; x_wconf 84' lang='lat'>15</span> 
     </span>
     <span class='ocr_line' id='line_1_17' title="bbox 76 1407 1722 1463; baseline -0.001 -13"><span class='ocrx_word' id='word_1_131' title='bbox 76 1410 340 1463; x_wconf 73' lang='lat' dir='ltr'>explolaret.</span> <span class='ocrx_word' id='word_1_132' title='bbox 418 1408 508 1459; x_wconf 88' lang='lat' dir='ltr'>Qui</span> <span class='ocrx_word' id='word_1_133' title='bbox 556 1420 661 1448; x_wconf 88' lang='lat' dir='ltr'>cum</span> <span class='ocrx_word' id='word_1_134' title='bbox 709 1412 802 1447; x_wconf 87' lang='lat' dir='ltr'>tam</span> <span class='ocrx_word' id='word_1_135' title='bbox 846 1407 1077 1447; x_wconf 86' lang='lat' dir='ltr'>marinum</span> <span class='ocrx_word' id='word_1_136' title='bbox 1118 1407 1388 1460; x_wconf 83' lang='lat' dir='ltr'>exercitum,</span> <span class='ocrx_word' id='word_1_137' title='bbox 1435 1409 1508 1448; x_wconf 89' lang='lat' dir='ltr'>cui</span> <span class='ocrx_word' id='word_1_138' title='bbox 1550 1413 1722 1461; x_wconf 85' lang='lat' dir='ltr'>preerat</span> 
     </span>
     <span class='ocr_line' id='line_1_18' title="bbox 77 1479 1722 1534; baseline -0.001 -11"><span class='ocrx_word' id='word_1_139' title='bbox 77 1482 323 1532; x_wconf 89' lang='lat' dir='ltr'>Olimarus,</span> <span class='ocrx_word' id='word_1_140' title='bbox 356 1493 495 1534; x_wconf 89' lang='lat' dir='ltr'>quam</span> <span class='ocrx_word' id='word_1_141' title='bbox 529 1484 799 1531; x_wconf 87' lang='lat' dir='ltr'>terrestrem,</span> <span class='ocrx_word' id='word_1_142' title='bbox 831 1492 968 1532; x_wconf 90' lang='lat' dir='ltr'>quem</span> <span class='ocrx_word' id='word_1_143' title='bbox 1002 1479 1200 1520; x_wconf 86' lang='lat' dir='ltr'>ducebat</span> <span class='ocrx_word' id='word_1_144' title='bbox 1231 1479 1423 1533; x_wconf 88' lang='lat' dir='ltr'>ipsemet</span> <span class='ocrx_word' id='word_1_145' title='bbox 1454 1494 1531 1521; x_wconf 87' lang='lat' dir='ltr'>rex</span> <span class='ocrx_word' id='word_1_146' title='bbox 1566 1481 1722 1521; x_wconf 91' lang='lat' dir='ltr'>Huno-</span> 
     </span>
     <span class='ocr_line' id='line_1_19' title="bbox 76 1551 1723 1606; baseline -0.001 -12"><span class='ocrx_word' id='word_1_147' title='bbox 76 1568 193 1606; x_wconf 85' lang='lat' dir='ltr'>rum,</span> <span class='ocrx_word' id='word_1_148' title='bbox 225 1553 524 1606; x_wconf 80' lang='lat' dir='ltr'>explorasset,</span> <span class='ocrx_word' id='word_1_149' title='bbox 557 1552 737 1593; x_wconf 88' lang='lat' dir='ltr'>rediens</span> <span class='ocrx_word' id='word_1_150' title='bbox 770 1551 882 1592; x_wconf 80' lang='lat' dir='ltr'>dixit</span> <span class='ocrx_word' id='word_1_151' title='bbox 915 1564 961 1592; x_wconf 90' lang='lat' dir='ltr'>se</span> <span class='ocrx_word' id='word_1_152' title='bbox 993 1551 1161 1591; x_wconf 83' lang='lat' dir='ltr'>vidisse</span> <span class='ocrx_word' id='word_1_153' title='bbox 1194 1565 1271 1592; x_wconf 82' lang='lat' dir='ltr'>sex</span> <span class='ocrx_word' id='word_1_154' title='bbox 1303 1552 1472 1593; x_wconf 82' lang='lat' dir='ltr'>classes</span> <span class='ocrx_word' id='word_1_155' title='bbox 1504 1554 1723 1594; x_wconf 86' lang='lat' dir='ltr'>habentes</span> 
     </span>
     <span class='ocr_line' id='line_1_20' title="bbox 77 1624 1723 1678; baseline -0.001 -11"><span class='ocrx_word' id='word_1_156' title='bbox 77 1639 154 1667; x_wconf 88' lang='lat' dir='ltr'>sex</span> <span class='ocrx_word' id='word_1_157' title='bbox 184 1636 329 1677; x_wconf 80' lang='lat' dir='ltr'>reges3</span> <span class='ocrx_word' id='word_1_158' title='bbox 362 1624 563 1678; x_wconf 86' lang='lat' dir='ltr'>quelibet</span> <span class='ocrx_word' id='word_1_159' title='bbox 594 1637 701 1665; x_wconf 88' lang='lat' dir='ltr'>vero</span> <span class='ocrx_word' id='word_1_160' title='bbox 735 1624 893 1664; x_wconf 88' lang='lat' dir='ltr'>classis</span> <span class='ocrx_word' id='word_1_161' title='bbox 925 1624 1087 1663; x_wconf 84' lang='lat' dir='ltr'>habuit</span> <span class='ocrx_word' id='word_1_162' title='bbox 1120 1624 1324 1677; x_wconf 89' lang='lat' dir='ltr'>quinque</span> <span class='ocrx_word' id='word_1_163' title='bbox 1359 1625 1482 1665; x_wconf 90' lang='lat' dir='ltr'>milia</span> <span class='ocrx_word' id='word_1_164' title='bbox 1516 1625 1723 1673; x_wconf 84' lang='lat' dir='ltr'>nauium,</span> 
     </span>
     <span class='ocr_line' id='line_1_21' title="bbox 77 1696 1792 1752; baseline 0 -14"><span class='ocrx_word' id='word_1_165' title='bbox 77 1698 275 1752; x_wconf 89' lang='lat' dir='ltr'>quelibet</span> <span class='ocrx_word' id='word_1_166' title='bbox 307 1697 441 1737; x_wconf 87' lang='lat' dir='ltr'>nauis</span> <span class='ocrx_word' id='word_1_167' title='bbox 472 1697 634 1737; x_wconf 86' lang='lat' dir='ltr'>habuit</span> <span class='ocrx_word' id='word_1_168' title='bbox 667 1700 891 1737; x_wconf 84' lang='lat' dir='ltr'>trecentos</span> <span class='ocrx_word' id='word_1_169' title='bbox 923 1696 1128 1748; x_wconf 83' lang='lat' dir='ltr'>remiges.</span> <span class='ocrx_word' id='word_1_170' title='bbox 1182 1697 1367 1737; x_wconf 91' lang='lat' dir='ltr'>Addidit</span> <span class='ocrx_word' id='word_1_171' title='bbox 1399 1702 1566 1749; x_wconf 86' lang='lat' dir='ltr'>autem,</span> <span class='ocrx_word' id='word_1_172' title='bbox 1600 1699 1722 1751; x_wconf 89' lang='lat' dir='ltr'>quod</span> <span class='ocrx_word' id='word_1_173' title='bbox 1750 1707 1792 1738; x_wconf 81' lang='lat'>20</span> 
     </span>
     <span class='ocr_line' id='line_1_22' title="bbox 78 1769 1724 1824; baseline -0.001 -14"><span class='ocrx_word' id='word_1_174' title='bbox 78 1770 266 1824; x_wconf 88' lang='lat' dir='ltr'>quilibet</span> <span class='ocrx_word' id='word_1_175' title='bbox 313 1769 596 1809; x_wconf 88' lang='lat' dir='ltr'>millenarius</span> <span class='ocrx_word' id='word_1_176' title='bbox 645 1769 791 1809; x_wconf 85' lang='lat' dir='ltr'>tocius</span> <span class='ocrx_word' id='word_1_177' title='bbox 838 1781 1018 1808; x_wconf 88' lang='lat' dir='ltr'>summe</span> <span class='ocrx_word' id='word_1_178' title='bbox 1065 1773 1263 1822; x_wconf 87' lang='lat' dir='ltr'>quatuor</span> <span class='ocrx_word' id='word_1_179' title='bbox 1302 1770 1398 1809; x_wconf 88' lang='lat' dir='ltr'>alas</span> <span class='ocrx_word' id='word_1_180' title='bbox 1440 1770 1724 1815; x_wconf 75' lang='lat' dir='ltr'>conti11eba1;</span> 
     </span>
     <span class='ocr_line' id='line_1_23' title="bbox 79 1841 1724 1896; baseline -0.001 -13"><span class='ocrx_word' id='word_1_181' title='bbox 79 1842 259 1883; x_wconf 80' lang='lat' dir='ltr'>volebat</span> <span class='ocrx_word' id='word_1_182' title='bbox 290 1846 442 1882; x_wconf 89' lang='lat' dir='ltr'>autem</span> <span class='ocrx_word' id='word_1_183' title='bbox 475 1855 554 1894; x_wconf 92' lang='lat' dir='ltr'>per</span> <span class='ocrx_word' id='word_1_184' title='bbox 586 1841 894 1882; x_wconf 88' lang='lat' dir='ltr'>millenarium</span> <span class='ocrx_word' id='word_1_185' title='bbox 931 1841 1054 1881; x_wconf 90' lang='lat' dir='ltr'>mille</span> <span class='ocrx_word' id='word_1_186' title='bbox 1084 1854 1136 1881; x_wconf 83' lang='lat' dir='ltr'>ac</span> <span class='ocrx_word' id='word_1_187' title='bbox 1163 1842 1357 1882; x_wconf 82' lang='lat' dir='ltr'>ducenta</span> <span class='ocrx_word' id='word_1_188' title='bbox 1383 1842 1585 1894; x_wconf 82' lang='lat' dir='ltr'>intelligi,</span> <span class='ocrx_word' id='word_1_189' title='bbox 1617 1842 1724 1896; x_wconf 88' lang='lat' dir='ltr'>quia</span> 
     </span>
     <span class='ocr_line' id='line_1_24' title="bbox 79 1913 1724 1965; baseline -0.001 -11"><span class='ocrx_word' id='word_1_190' title='bbox 79 1914 230 1955; x_wconf 89' lang='lat' dir='ltr'>omnis</span> <span class='ocrx_word' id='word_1_191' title='bbox 269 1914 340 1954; x_wconf 87' lang='lat' dir='ltr'>ala</span> <span class='ocrx_word' id='word_1_192' title='bbox 382 1914 584 1954; x_wconf 88' lang='lat' dir='ltr'>continet</span> <span class='ocrx_word' id='word_1_193' title='bbox 624 1917 862 1954; x_wconf 86' lang='lat' dir='ltr'>trecentos.</span> <span class='ocrx_word' id='word_1_194' title='bbox 941 1913 1081 1965; x_wconf 85' lang='lat' dir='ltr'>Igitur</span> <span class='ocrx_word' id='word_1_195' title='bbox 1120 1915 1374 1954; x_wconf 87' lang='lat' dir='ltr'>secundum</span> <span class='ocrx_word' id='word_1_196' title='bbox 1416 1915 1506 1954; x_wconf 75' lang='lat' dir='ltr'>hOe</span> <span class='ocrx_word' id='word_1_197' title='bbox 1543 1927 1724 1954; x_wconf 86' lang='lat' dir='ltr'>summa</span> 
     </span>
     <span class='ocr_line' id='line_1_25' title="bbox 79 1985 1725 2037; baseline 0 -11"><span class='ocrx_word' id='word_1_198' title='bbox 79 1986 229 2026; x_wconf 87' lang='lat' dir='ltr'>totalis</span> <span class='ocrx_word' id='word_1_199' title='bbox 266 1987 456 2026; x_wconf 88' lang='lat' dir='ltr'>nauium</span> <span class='ocrx_word' id='word_1_200' title='bbox 491 1990 585 2026; x_wconf 87' lang='lat' dir='ltr'>erat</span> <span class='ocrx_word' id='word_1_201' title='bbox 616 1985 796 2037; x_wconf 86' lang='lat' dir='ltr'>triginta</span> <span class='ocrx_word' id='word_1_202' title='bbox 831 1987 956 2026; x_wconf 89' lang='lat' dir='ltr'>milia</span> <span class='ocrx_word' id='word_1_203' title='bbox 990 1992 1031 2027; x_wconf 90' lang='lat' dir='ltr'>et</span> <span class='ocrx_word' id='word_1_204' title='bbox 1065 1987 1187 2027; x_wconf 91' lang='lat' dir='ltr'>mille</span> <span class='ocrx_word' id='word_1_205' title='bbox 1220 1988 1434 2036; x_wconf 70' lang='lat' dir='ltr'>ducente,</span> <span class='ocrx_word' id='word_1_206' title='bbox 1481 1986 1725 2026; x_wconf 89' lang='lat' dir='ltr'>hominum</span> 
     </span>
     <span class='ocr_line' id='line_1_26' title="bbox 79 2058 1794 2100; baseline 0 -1"><span class='ocrx_word' id='word_1_207' title='bbox 79 2071 185 2100; x_wconf 86' lang='lat' dir='ltr'>vero</span> <span class='ocrx_word' id='word_1_208' title='bbox 227 2071 409 2098; x_wconf 89' lang='lat' dir='ltr'>summa</span> <span class='ocrx_word' id='word_1_209' title='bbox 453 2063 545 2099; x_wconf 87' lang='lat' dir='ltr'>erat</span> <span class='ocrx_word' id='word_1_210' title='bbox 588 2058 749 2098; x_wconf 89' lang='lat' dir='ltr'>nouies</span> <span class='ocrx_word' id='word_1_211' title='bbox 781 2058 903 2098; x_wconf 91' lang='lat' dir='ltr'>mille</span> <span class='ocrx_word' id='word_1_212' title='bbox 938 2059 1062 2099; x_wconf 85' lang='lat' dir='ltr'>milia</span> <span class='ocrx_word' id='word_1_213' title='bbox 1097 2063 1137 2099; x_wconf 90' lang='lat' dir='ltr'>et</span> <span class='ocrx_word' id='word_1_214' title='bbox 1170 2063 1366 2099; x_wconf 82' lang='lat' dir='ltr'>trecenta</span> <span class='ocrx_word' id='word_1_215' title='bbox 1400 2059 1525 2098; x_wconf 89' lang='lat' dir='ltr'>milia</span> <span class='ocrx_word' id='word_1_216' title='bbox 1560 2063 1600 2098; x_wconf 90' lang='lat' dir='ltr'>et</span> <span class='ocrx_word' id='word_1_217' title='bbox 1633 2071 1726 2099; x_wconf 84' lang='lat' dir='ltr'>sex·</span> <span class='ocrx_word' id='word_1_218' title='bbox 1752 2070 1794 2099; x_wconf 78' lang='lat'>‘25</span> 
     </span>
     <span class='ocr_line' id='line_1_27' title="bbox 80 2130 1725 2184; baseline 0 -14"><span class='ocrx_word' id='word_1_219' title='bbox 80 2131 229 2183; x_wconf 83' lang='lat' dir='ltr'>aginta</span> <span class='ocrx_word' id='word_1_220' title='bbox 263 2130 401 2171; x_wconf 89' lang='lat' dir='ltr'>milia.</span> <span class='ocrx_word' id='word_1_221' title='bbox 465 2130 674 2184; x_wconf 88' lang='lat' dir='ltr'>Cumque</span> <span class='ocrx_word' id='word_1_222' title='bbox 708 2131 879 2170; x_wconf 89' lang='lat' dir='ltr'>Frotho</span> <span class='ocrx_word' id='word_1_223' title='bbox 912 2135 1139 2183; x_wconf 90' lang='lat' dir='ltr'>quereret,</span> <span class='ocrx_word' id='word_1_224' title='bbox 1172 2131 1281 2184; x_wconf 89' lang='lat' dir='ltr'>quid</span> <span class='ocrx_word' id='word_1_225' title='bbox 1315 2134 1471 2171; x_wconf 90' lang='lat' dir='ltr'>contra</span> <span class='ocrx_word' id='word_1_226' title='bbox 1503 2134 1568 2170; x_wconf 92' lang='lat' dir='ltr'>tot</span> <span class='ocrx_word' id='word_1_227' title='bbox 1601 2131 1725 2170; x_wconf 88' lang='lat' dir='ltr'>milia</span> 
     </span>
     <span class='ocr_line' id='line_1_28' title="bbox 82 2202 1724 2256; baseline -0.001 -13"><span class='ocrx_word' id='word_1_228' title='bbox 82 2207 229 2256; x_wconf 88' lang='lat' dir='ltr'>posset</span> <span class='ocrx_word' id='word_1_229' title='bbox 262 2203 422 2254; x_wconf 82' lang='lat' dir='ltr'>facere,</span> <span class='ocrx_word' id='word_1_230' title='bbox 455 2203 691 2256; x_wconf 89' lang='lat' dir='ltr'>respondit</span> <span class='ocrx_word' id='word_1_231' title='bbox 725 2203 907 2251; x_wconf 81' lang='lat' dir='ltr'>Ericus,</span> <span class='ocrx_word' id='word_1_232' title='bbox 941 2216 1097 2243; x_wconf 82' lang='lat' dir='ltr'>vrsum</span> <span class='ocrx_word' id='word_1_233' title='bbox 1130 2203 1222 2243; x_wconf 84' lang='lat' dir='ltr'>aeri</span> <span class='ocrx_word' id='word_1_234' title='bbox 1256 2216 1368 2243; x_wconf 87' lang='lat' dir='ltr'>cane</span> <span class='ocrx_word' id='word_1_235' title='bbox 1401 2202 1724 2243; x_wconf 87' lang='lat' dir='ltr'>infestandum.</span> 
     </span>
     <span class='ocr_line' id='line_1_29' title="bbox 83 2275 1727 2328; baseline 0.001 -14"><span class='ocrx_word' id='word_1_236' title='bbox 83 2275 220 2327; x_wconf 86' lang='lat' dir='ltr'>Igitur</span> <span class='ocrx_word' id='word_1_237' title='bbox 250 2275 468 2315; x_wconf 89' lang='lat' dir='ltr'>instructa</span> <span class='ocrx_word' id='word_1_238' title='bbox 493 2276 637 2315; x_wconf 88' lang='lat' dir='ltr'>classe</span> <span class='ocrx_word' id='word_1_239' title='bbox 661 2275 831 2315; x_wconf 90' lang='lat' dir='ltr'>Frotho</span> <span class='ocrx_word' id='word_1_240' title='bbox 866 2275 954 2315; x_wconf 84' lang='lat' dir='ltr'>exit</span> <span class='ocrx_word' id='word_1_241' title='bbox 979 2279 1115 2328; x_wconf 87' lang='lat' dir='ltr'>atque</span> <span class='ocrx_word' id='word_1_242' title='bbox 1143 2276 1229 2315; x_wconf 92' lang='lat' dir='ltr'>sub</span> <span class='ocrx_word' id='word_1_243' title='bbox 1256 2275 1432 2327; x_wconf 89' lang='lat' dir='ltr'>insulis,</span> <span class='ocrx_word' id='word_1_244' title='bbox 1466 2289 1551 2328; x_wconf 88' lang='lat' dir='ltr'>que</span> <span class='ocrx_word' id='word_1_245' title='bbox 1580 2275 1727 2315; x_wconf 87' lang='lat' dir='ltr'>iacent</span> 
     </span>
    </p>
   </div>
   <div class='ocr_carea' id='block_1_3' title="bbox 80 2433 1730 2821">
    <p class='ocr_par' dir='ltr' id='par_1_4' title="bbox 80 2433 1730 2821">
     <span class='ocr_line' id='line_1_30' title="bbox 169 2433 1730 2481; baseline -0.002 -11"><span class='ocrx_word' id='word_1_246' title='bbox 169 2435 201 2470; x_wconf 91' lang='lat'>1.</span> <span class='ocrx_word' id='word_1_247' title='bbox 234 2434 362 2481; x_wconf 85' lang='lat' dir='ltr'>aliqui</span> <span class='ocrx_word' id='word_1_248' title='bbox 396 2433 455 2477; x_wconf 76' lang='lat' dir='ltr'>Sl,</span> <span class='ocrx_word' id='word_1_249' title='bbox 500 2445 601 2470; x_wconf 77' lang='lat' dir='ltr'>corr.</span> <span class='ocrx_word' id='word_1_250' title='bbox 641 2435 681 2469; x_wconf 85' lang='lat' dir='ltr'>in</span> <span class='ocrx_word' id='word_1_251' title='bbox 721 2434 909 2480; x_wconf 85' lang='lat' dir='ltr'>alioquin</span> <span class='ocrx_word' id='word_1_252' title='bbox 951 2445 1060 2470; x_wconf 80' lang='lat' dir='ltr'>man.</span> <span class='ocrx_word' id='word_1_253' title='bbox 1106 2445 1178 2470; x_wconf 81' lang='lat' dir='ltr'>rec.</span> <span class='ocrx_word' id='word_1_254' title='bbox 1269 2434 1304 2470; x_wconf 88' lang='lat'>2.</span> <span class='ocrx_word' id='word_1_255' title='bbox 1344 2445 1429 2480; x_wconf 85' lang='lat' dir='ltr'>quo</span> <span class='ocrx_word' id='word_1_256' title='bbox 1461 2434 1495 2469; x_wconf 87' lang='lat' dir='ltr'>si</span> <span class='ocrx_word' id='word_1_257' title='bbox 1529 2433 1556 2468; x_wconf 92' lang='lat' dir='ltr'>S</span> <span class='ocrx_word' id='word_1_258' title='bbox 1589 2433 1730 2477; x_wconf 79' lang='lat' dir='ltr'>(voluit</span> 
     </span>
     <span class='ocr_line' id='line_1_31' title="bbox 80 2490 1728 2538; baseline -0.001 -11"><span class='ocrx_word' id='word_1_259' title='bbox 80 2490 193 2536; x_wconf 59' lang='lat' dir='ltr'>fort:</span> <span class='ocrx_word' id='word_1_260' title='bbox 224 2492 265 2527; x_wconf 92' lang='lat' dir='ltr'>in</span> <span class='ocrx_word' id='word_1_261' title='bbox 298 2502 383 2538; x_wconf 86' lang='lat' dir='ltr'>quo</span> <span class='ocrx_word' id='word_1_262' title='bbox 415 2492 476 2535; x_wconf 84' lang='lat' dir='ltr'>si).</span> <span class='ocrx_word' id='word_1_263' title='bbox 539 2493 573 2527; x_wconf 82' lang='lat'>4.</span> <span class='ocrx_word' id='word_1_264' title='bbox 609 2492 852 2537; x_wconf 80' lang='lat' dir='ltr'>confligeret</span> <span class='ocrx_word' id='word_1_265' title='bbox 884 2490 1119 2537; x_wconf 62' lang='lat' dir='ltr'>Lanyebelc,</span> <span class='ocrx_word' id='word_1_266' title='bbox 1153 2491 1354 2536; x_wconf 77' lang='lat' dir='ltr'>affligeret</span> <span class='ocrx_word' id='word_1_267' title='bbox 1386 2491 1497 2526; x_wconf 79' lang='lat' dir='ltr'>codd.</span> <span class='ocrx_word' id='word_1_268' title='bbox 1566 2491 1599 2526; x_wconf 88' lang='lat'>5.</span> <span class='ocrx_word' id='word_1_269' title='bbox 1633 2500 1728 2525; x_wconf 88' lang='lat' dir='ltr'>con-</span> 
     </span>
     <span class='ocr_line' id='line_1_32' title="bbox 82 2547 1727 2599; baseline -0.002 -15"><span class='ocrx_word' id='word_1_270' title='bbox 82 2551 219 2584; x_wconf 88' lang='lat' dir='ltr'>tentus</span> <span class='ocrx_word' id='word_1_271' title='bbox 245 2548 295 2584; x_wconf 89' lang='lat' dir='ltr'>ad</span> <span class='ocrx_word' id='word_1_272' title='bbox 323 2558 447 2594; x_wconf 81' lang='lat' dir='ltr'>pugn.</span> <span class='ocrx_word' id='word_1_273' title='bbox 474 2551 583 2584; x_wconf 79' lang='lat' dir='ltr'>esset</span> <span class='ocrx_word' id='word_1_274' title='bbox 599 2549 642 2584; x_wconf 95' lang='lat' dir='ltr'>A.</span> <span class='ocrx_word' id='word_1_275' title='bbox 705 2549 740 2584; x_wconf 82' lang='lat'>6.</span> <span class='ocrx_word' id='word_1_276' title='bbox 773 2548 901 2583; x_wconf 79' lang='lat' dir='ltr'>dacus</span> <span class='ocrx_word' id='word_1_277' title='bbox 921 2549 964 2583; x_wconf 93' lang='lat' dir='ltr'>A.</span> <span class='ocrx_word' id='word_1_278' title='bbox 1029 2549 1063 2584; x_wconf 82' lang='lat'>9.</span> <span class='ocrx_word' id='word_1_279' title='bbox 1089 2548 1129 2583; x_wconf 88' lang='lat' dir='ltr'>in</span> <span class='ocrx_word' id='word_1_280' title='bbox 1158 2557 1353 2599; x_wconf 62' lang='lat' dir='ltr'>norwege</span> <span class='ocrx_word' id='word_1_281' title='bbox 1376 2548 1419 2583; x_wconf 87' lang='lat' dir='ltr'>D.</span> <span class='ocrx_word' id='word_1_282' title='bbox 1486 2549 1543 2582; x_wconf 85' lang='lat'>11.</span> <span class='ocrx_word' id='word_1_283' title='bbox 1572 2547 1727 2582; x_wconf 84' lang='lat' dir='ltr'>Frotho</span> 
     </span>
     <span class='ocr_line' id='line_1_33' title="bbox 83 2604 1727 2651; baseline -0.001 -11"><span class='ocrx_word' id='word_1_284' title='bbox 83 2615 158 2641; x_wconf 89' lang='lat' dir='ltr'>om.</span> <span class='ocrx_word' id='word_1_285' title='bbox 191 2606 236 2641; x_wconf 90' lang='lat' dir='ltr'>V.</span> <span class='ocrx_word' id='word_1_286' title='bbox 319 2605 450 2641; x_wconf 83' lang='lat' dir='ltr'>fruel).</span> <span class='ocrx_word' id='word_1_287' title='bbox 484 2616 519 2651; x_wconf 89' lang='lat' dir='ltr'>p.</span> <span class='ocrx_word' id='word_1_288' title='bbox 554 2609 599 2641; x_wconf 87' lang='lat' dir='ltr'>tr.</span> <span class='ocrx_word' id='word_1_289' title='bbox 633 2606 676 2641; x_wconf 94' lang='lat' dir='ltr'>V.</span> <span class='ocrx_word' id='word_1_290' title='bbox 759 2606 819 2641; x_wconf 84' lang='lat'>12.</span> <span class='ocrx_word' id='word_1_291' title='bbox 855 2605 1082 2640; x_wconf 78' lang='lat' dir='ltr'>liinnorum</span> <span class='ocrx_word' id='word_1_292' title='bbox 1118 2605 1149 2640; x_wconf 94' lang='lat' dir='ltr'>V</span> <span class='ocrx_word' id='word_1_293' title='bbox 1182 2605 1339 2651; x_wconf 75' lang='lat' dir='ltr'>saepius.</span> <span class='ocrx_word' id='word_1_294' title='bbox 1422 2604 1651 2650; x_wconf 83' lang='lat' dir='ltr'>byennium</span> <span class='ocrx_word' id='word_1_295' title='bbox 1684 2605 1727 2638; x_wconf 90' lang='lat' dir='ltr'>A.</span> 
     </span>
     <span class='ocr_line' id='line_1_34' title="bbox 86 2659 1728 2708; baseline -0.001 -11"><span class='ocrx_word' id='word_1_296' title='bbox 86 2661 148 2698; x_wconf 89' lang='grc'>13.</span> <span class='ocrx_word' id='word_1_297' title='bbox 183 2665 303 2708; x_wconf 84' lang='lat' dir='ltr'>parat</span> <span class='ocrx_word' id='word_1_298' title='bbox 335 2673 378 2698; x_wconf 86' lang='lat' dir='ltr'>se</span> <span class='ocrx_word' id='word_1_299' title='bbox 409 2662 485 2698; x_wconf 92' lang='lat' dir='ltr'>AS.</span> <span class='ocrx_word' id='word_1_300' title='bbox 565 2663 626 2697; x_wconf 75' lang='lat'>14.</span> <span class='ocrx_word' id='word_1_301' title='bbox 660 2663 735 2698; x_wconf 85' lang='lat' dir='ltr'>hec</span> <span class='ocrx_word' id='word_1_302' title='bbox 770 2662 882 2697; x_wconf 87' lang='lat' dir='ltr'>DAS.</span> <span class='ocrx_word' id='word_1_303' title='bbox 962 2662 1024 2697; x_wconf 82' lang='grc'>16.</span> <span class='ocrx_word' id='word_1_304' title='bbox 1058 2672 1155 2698; x_wconf 86' lang='lat' dir='ltr'>cum</span> <span class='ocrx_word' id='word_1_305' title='bbox 1190 2673 1268 2697; x_wconf 88' lang='lat' dir='ltr'>om.</span> <span class='ocrx_word' id='word_1_306' title='bbox 1303 2661 1341 2697; x_wconf 91' lang='lat' dir='ltr'>S.</span> <span class='ocrx_word' id='word_1_307' title='bbox 1419 2662 1479 2697; x_wconf 88' lang='lat'>19.</span> <span class='ocrx_word' id='word_1_308' title='bbox 1512 2671 1611 2696; x_wconf 85' lang='lat' dir='ltr'>vero</span> <span class='ocrx_word' id='word_1_309' title='bbox 1644 2659 1728 2701; x_wconf 82' lang='lat' dir='ltr'>AS;</span> 
     </span>
     <span class='ocr_line' id='line_1_35' title="bbox 83 2717 1726 2765; baseline -0.001 -12"><span class='ocrx_word' id='word_1_310' title='bbox 83 2729 160 2754; x_wconf 89' lang='lat' dir='ltr'>om.</span> <span class='ocrx_word' id='word_1_311' title='bbox 192 2719 242 2762; x_wconf 85' lang='lat' dir='ltr'>V;</span> <span class='ocrx_word' id='word_1_312' title='bbox 288 2719 474 2765; x_wconf 85' lang='lat' dir='ltr'>quelibet</span> <span class='ocrx_word' id='word_1_313' title='bbox 514 2719 662 2755; x_wconf 87' lang='lat' dir='ltr'>habuit</span> <span class='ocrx_word' id='word_1_314' title='bbox 701 2719 849 2754; x_wconf 84' lang='lat' dir='ltr'>habuit</span> <span class='ocrx_word' id='word_1_315' title='bbox 885 2719 1125 2764; x_wconf 54' lang='lat' dir='ltr'>qumquem)</span> <span class='ocrx_word' id='word_1_316' title='bbox 1168 2719 1211 2754; x_wconf 88' lang='lat' dir='ltr'>D.</span> <span class='ocrx_word' id='word_1_317' title='bbox 1302 2719 1365 2754; x_wconf 88' lang='lat'>23.</span> <span class='ocrx_word' id='word_1_318' title='bbox 1406 2718 1648 2754; x_wconf 86' lang='lat' dir='ltr'>continebat</span> <span class='ocrx_word' id='word_1_319' title='bbox 1688 2717 1726 2752; x_wconf 93' lang='lat' dir='ltr'>S.</span> 
     </span>
     <span class='ocr_line' id='line_1_36' title="bbox 85 2774 1730 2821; baseline -0.001 -11"><span class='ocrx_word' id='word_1_320' title='bbox 85 2775 148 2812; x_wconf 88' lang='lat'>25.</span> <span class='ocrx_word' id='word_1_321' title='bbox 182 2787 278 2811; x_wconf 82' lang='lat' dir='ltr'>vera</span> <span class='ocrx_word' id='word_1_322' title='bbox 310 2776 354 2812; x_wconf 89' lang='lat' dir='ltr'>A.</span> <span class='ocrx_word' id='word_1_323' title='bbox 444 2779 483 2812; x_wconf 89' lang='lat' dir='ltr'>et</span> <span class='ocrx_word' id='word_1_324' title='bbox 522 2779 705 2812; x_wconf 85' lang='lat' dir='ltr'>trecenta</span> <span class='ocrx_word' id='word_1_325' title='bbox 746 2776 858 2811; x_wconf 88' lang='lat' dir='ltr'>milia</span> <span class='ocrx_word' id='word_1_326' title='bbox 897 2786 974 2811; x_wconf 81' lang='lat'>0111.</span> <span class='ocrx_word' id='word_1_327' title='bbox 1006 2775 1083 2811; x_wconf 92' lang='lat' dir='ltr'>AS.</span> <span class='ocrx_word' id='word_1_328' title='bbox 1162 2775 1420 2821; x_wconf 74' lang='lat' dir='ltr'>Computalio</span> <span class='ocrx_word' id='word_1_329' title='bbox 1459 2775 1544 2810; x_wconf 72' lang='lat' dir='ltr'>liceo</span> <span class='ocrx_word' id='word_1_330' title='bbox 1574 2774 1730 2810; x_wconf 78' lang='lat' dir='ltr'>auctori</span> 
     </span>
    </p>
   </div>
   <div class='ocr_carea' id='block_1_4' title="bbox 27 2831 1726 2878">
    <p class='ocr_par' dir='ltr' id='par_1_5' title="bbox 27 2831 1726 2878">
     <span class='ocr_line' id='line_1_37' title="bbox 27 2831 1726 2878; baseline -0.001 -12"><span class='ocrx_word' id='word_1_331' title='bbox 27 2871 32 2876; x_wconf 38' lang='lat'><strong>¹</strong></span> <span class='ocrx_word' id='word_1_332' title='bbox 85 2834 219 2868; x_wconf 77' lang='lat' dir='ltr'>nostro</span> <span class='ocrx_word' id='word_1_333' title='bbox 251 2832 423 2877; x_wconf 79' lang='lat' dir='ltr'>debetur,</span> <span class='ocrx_word' id='word_1_334' title='bbox 472 2844 555 2868; x_wconf 81' lang='lat'>11011</span> <span class='ocrx_word' id='word_1_335' title='bbox 587 2832 752 2878; x_wconf 67' lang='lat' dir='ltr'>Saxoni,</span> <span class='ocrx_word' id='word_1_336' title='bbox 795 2835 830 2868; x_wconf 81' lang='lat' dir='ltr'>et</span> <span class='ocrx_word' id='word_1_337' title='bbox 866 2832 973 2878; x_wconf 78' lang='lat' dir='ltr'>falsa</span> <span class='ocrx_word' id='word_1_338' title='bbox 1007 2835 1081 2876; x_wconf 83' lang='lat' dir='ltr'>esl,·</span> <span class='ocrx_word' id='word_1_339' title='bbox 1128 2833 1214 2867; x_wconf 76' lang='lat' dir='ltr'>veri.</span> <span class='ocrx_word' id='word_1_340' title='bbox 1241 2833 1401 2867; x_wconf 78' lang='lat' dir='ltr'>numeri</span> <span class='ocrx_word' id='word_1_341' title='bbox 1431 2834 1525 2867; x_wconf 83' lang='lat' dir='ltr'>sunt</span> <span class='ocrx_word' id='word_1_342' title='bbox 1555 2831 1726 2866; x_wconf 82' lang='lat' dir='ltr'>nauium</span> 
     </span>
    </p>
   </div>
   <div class='ocr_carea' id='block_1_5' title="bbox 83 2885 1730 3104">
    <p class='ocr_par' dir='ltr' id='par_1_6' title="bbox 83 2885 1730 3104">
     <span class='ocr_line' id='line_1_38' title="bbox 86 2885 1730 2935; baseline -0.001 -11"><span class='ocrx_word' id='word_1_343' title='bbox 86 2887 230 2935; x_wconf 84' lang='lat'>36000,</span> <span class='ocrx_word' id='word_1_344' title='bbox 263 2889 479 2925; x_wconf 80' lang='lat' dir='ltr'>hominum</span> <span class='ocrx_word' id='word_1_345' title='bbox 507 2890 754 2933; x_wconf 85' lang='grc'><em>10,800000;</em></span> <span class='ocrx_word' id='word_1_346' title='bbox 785 2891 927 2925; x_wconf 77' lang='lat' dir='ltr'>auctor</span> <span class='ocrx_word' id='word_1_347' title='bbox 957 2889 1273 2934; x_wconf 78' lang='lat' dir='ltr'>uniuscuiusque</span> <span class='ocrx_word' id='word_1_348' title='bbox 1303 2889 1442 2924; x_wconf 79' lang='lat' dir='ltr'>classis</span> <span class='ocrx_word' id='word_1_349' title='bbox 1468 2899 1592 2924; x_wconf 78' lang='lat' dir='ltr'>naues</span> <span class='ocrx_word' id='word_1_350' title='bbox 1621 2885 1730 2923; x_wconf 62' lang='lat'>5200</span> 
     </span>
     <span class='ocr_line' id='line_1_39' title="bbox 83 2944 1728 2992; baseline -0.001 -12"><span class='ocrx_word' id='word_1_351' title='bbox 83 2944 206 2990; x_wconf 81' lang='lat' dir='ltr'>fuisse</span> <span class='ocrx_word' id='word_1_352' title='bbox 233 2947 363 2992; x_wconf 78' lang='lat' dir='ltr'>putat,</span> <span class='ocrx_word' id='word_1_353' title='bbox 395 2947 463 2982; x_wconf 83' lang='lat' dir='ltr'>sed</span> <span class='ocrx_word' id='word_1_354' title='bbox 485 2949 580 2982; x_wconf 81' lang='lat' dir='ltr'>sunl</span> <span class='ocrx_word' id='word_1_355' title='bbox 606 2946 724 2982; x_wconf 88' lang='lat'>6000.</span> <span class='ocrx_word' id='word_1_356' title='bbox 774 2945 955 2982; x_wconf 72' lang='lat' dir='ltr'>Ceterum</span> <span class='ocrx_word' id='word_1_357' title='bbox 989 2946 1030 2981; x_wconf 84' lang='lat' dir='ltr'>in</span> <span class='ocrx_word' id='word_1_358' title='bbox 1061 2945 1173 2982; x_wconf 77' lang='lat' dir='ltr'>codd.</span> <span class='ocrx_word' id='word_1_359' title='bbox 1208 2946 1369 2981; x_wconf 77' lang='lat' dir='ltr'>numeri</span> <span class='ocrx_word' id='word_1_360' title='bbox 1400 2956 1448 2981; x_wconf 64' lang='lat' dir='ltr'>ea·</span> <span class='ocrx_word' id='word_1_361' title='bbox 1476 2947 1592 2991; x_wconf 80' lang='lat' dir='ltr'>parte</span> <span class='ocrx_word' id='word_1_362' title='bbox 1622 2946 1728 2980; x_wconf 83' lang='lat' dir='ltr'>notis</span> 
     </span>
     <span class='ocr_line' id='line_1_40' title="bbox 85 3001 1728 3049; baseline 0 -12"><span class='ocrx_word' id='word_1_363' title='bbox 85 3002 311 3049; x_wconf 68' lang='lat' dir='ltr'>signantur,</span> <span class='ocrx_word' id='word_1_364' title='bbox 343 3003 448 3039; x_wconf 81' lang='lat' dir='ltr'>velut</span> <span class='ocrx_word' id='word_1_365' title='bbox 461 3002 543 3042; x_wconf 51' lang='grc' dir='ltr'>Εἷς.</span> <span class='ocrx_word' id='word_1_366' title='bbox 563 3008 601 3039; x_wconf 76' lang='grc' dir='ltr'>ῶ</span> <span class='ocrx_word' id='word_1_367' title='bbox 618 3003 843 3049; x_wconf 77' lang='lat' dir='ltr'>:trigInta</span> <span class='ocrx_word' id='word_1_368' title='bbox 869 3002 994 3038; x_wconf 79' lang='lat' dir='ltr'>milla.</span> <span class='ocrx_word' id='word_1_369' title='bbox 1057 3003 1119 3039; x_wconf 86' lang='lat'>26.</span> <span class='ocrx_word' id='word_1_370' title='bbox 1138 3006 1387 3048; x_wconf 85' lang='lat' dir='ltr'>quereretur</span> <span class='ocrx_word' id='word_1_371' title='bbox 1404 3003 1447 3038; x_wconf 90' lang='lat' dir='ltr'>V.</span> <span class='ocrx_word' id='word_1_372' title='bbox 1510 3002 1573 3038; x_wconf 86' lang='lat'>27.</span> <span class='ocrx_word' id='word_1_373' title='bbox 1592 3001 1728 3037; x_wconf 82' lang='lat' dir='ltr'>faeere</span> 
     </span>
     <span class='ocr_line' id='line_1_41' title="bbox 87 3060 1113 3104; baseline 0.001 -10"><span class='ocrx_word' id='word_1_374' title='bbox 87 3064 226 3104; x_wconf 88' lang='lat' dir='ltr'>posset</span> <span class='ocrx_word' id='word_1_375' title='bbox 258 3060 302 3096; x_wconf 92' lang='lat' dir='ltr'>V.</span> <span class='ocrx_word' id='word_1_376' title='bbox 380 3060 451 3098; x_wconf 87' lang='lat' dir='ltr'>inf.</span> <span class='ocrx_word' id='word_1_377' title='bbox 485 3071 575 3096; x_wconf 88' lang='lat' dir='ltr'>esse</span> <span class='ocrx_word' id='word_1_378' title='bbox 608 3060 684 3096; x_wconf 87' lang='lat' dir='ltr'>AS.</span> <span class='ocrx_word' id='word_1_379' title='bbox 756 3061 818 3097; x_wconf 87' lang='lat'>28.</span> <span class='ocrx_word' id='word_1_380' title='bbox 852 3060 1035 3096; x_wconf 88' lang='lat' dir='ltr'>iacerent</span> <span class='ocrx_word' id='word_1_381' title='bbox 1068 3060 1113 3095; x_wconf 90' lang='lat' dir='ltr'>D.</span> 
     </span>
    </p>
   </div>
  </div>
 </body>
</html>
