2150 3584
382 213 557 240 lNffl-:R'rt
593 212 810 239 Auc'ronis
844 213 1125 240 ‹zfimzais‘nnA
1163 213 1309 240 κκαωι
1348 213 1480 239 inmite
1672 201 1744 239 187

197 327 278 367 Hic
329 326 471 366 filium
519 326 671 377 genuit
720 325 1105 376 elegantissimum
1158 326 1188 364 V
1207 326 1281 365 t‘so
1296 339 1436 370 neni,
1496 325 1570 377 qui
1624 325 1747 365 solus

110 403 264 439 contra
308 400 423 438 duos
457 398 500 437 in
536 397 857 437 monomachia
892 397 1063 449 egregie
1099 397 1409 450 triumphauit.
1477 398 1576 437 Post
1611 410 1743 449 quem

110 470 313 523 regnauit
327 470 449 511 filius
465 482 575 510 suus
593 470 664 510 Da
682 483 724 520 n,
743 474 784 510 et
802 470 1040 522 posthunc
1062 469 1181 509 {ilius
1200 483 1309 509 suus
1329 470 1363 508 H
1380 484 1403 509 u
1419 470 1481 521 gh
1496 470 1505 508 l
1521 470 1594 509 ek.
1633 469 1746 508 Huic

110 543 327 583 successit
359 542 479 582 filius
513 555 623 581 suus
653 541 859 593 Frothi,
893 540 1164 592 cognomine
1197 527 1331 593 <hin>
1367 541 1592 581 Frokne.
1645 541 1746 579 Post

111 615 233 655 hunc
259 614 379 655 filius
407 628 516 655 suus
545 615 657 654 Dan
679 613 987 666 Supe1·hu8‚
1020 612 1095 666 qui
1123 613 1386 653 tributarios
1416 613 1517 653 fecit
1535 613 1746 653 Saxones.
1776 624 1793 650 5

113 686 228 727 Huic
260 687 476 727 successit
512 687 543 726 F
559 686 767 726 rithels
801 686 970 726 Celer.
1023 685 1126 724 Post
1162 686 1285 724 hunc
1318 685 1521 735 regnauit
1557 685 1745 724 Frothi

111 771 233 811 puer,
270 759 381 798 Bon
399 773 480 802 us;
522 759 564 798 in
600 758 730 798 cuius
762 757 1046 810 temporibus
1080 758 1338 809 redemptor
1372 756 1529 796 mundi
1564 769 1745 796 carnem

110 831 308 883 suscepit
348 831 613 871 humanam.
679 831 785 870 Post
816 842 949 883 quem
986 829 1106 869 filius
1140 829 1236 869 eius
1271 829 1577 881 Frithleph.
1645 829 1747 868 Post

111 903 233 942 hunc
273 902 392 943 filius
439 902 535 943 eius
584 902 788 942 Frothe
834 902 1057 953 Largus.
1124 901 1240 941 Huic
1284 900 1499 941 successit
1544 900 1746 952 lngeld.

112 974 217 1014 Post
254 987 389 1028 quem
431 975 661 1016 Olauus.
728 974 812 1015 Hic
853 973 1007 1025 genuit
1054 987 1201 1025 regem
1249 973 1600 1013 Frothonem.
1665 972 1745 1013 Cui

110 1046 325 1087 successit
356 1047 491 1087 frater
524 1060 634 1087 suus
670 1047 882 1087 Haldan
899 1059 972 1086 us.
1022 1047 1128 1086 Post
1161 1046 1283 1086 hunc
1313 1045 1452 1098 lngi,
1487 1045 1606 1084 lilius
1639 1044 1746 1085 eius.

113 1118 283 1159 Deinde
333 1119 454 1159 filius
502 1119 596 1159 eius
645 1119 856 1171 Sighar.
950 1119 1054 1159 Post
1102 1131 1235 1171 quem
1287 1117 1452 1156 simul
1503 1117 1748 1169 quinque

110 1195 426 1243 regnauerunt.

197 1264 436 1305 Proximus
469 1264 539 1304 his
571 1264 714 1304 extitit
749 1264 1026 1304 Haraldus
1064 1263 1369 1302 Hildartan.
1419 1261 1499 1302 Cui
1534 1261 1749 1302 successit

110 1349 250 1389 nepos
297 1336 393 1376 eius
442 1336 595 1388 Ring.
689 1337 795 1376 Post
841 1337 965 1376 hunc
1012 1335 1317 1377 amundus.
1411 1333 1584 1374 Deinde
1634 1333 1747 1385 Oly.

111 1408 267 1449 Postea
316 1408 438 1449 filius
487 1408 583 1449 eius
631 1408 929 1450 Siwardus.
996 1407 1113 1447 Huic
1155 1407 1372 1447 successit
1409 1406 1750 1447 Jarmundus

113 1480 314 1528 Koker,
368 1480 490 1521 filius
546 1481 654 1521 eius.
748 1481 905 1521 Postea
964 1481 1098 1520 frater
1154 1479 1251 1519 eius
1299 1479 1545 1519 Brother.
1639 1478 1746 1517 Item

110 1553 399 1593 secundus
428 1553 676 1593 Brother.
727 1554 888 1593 Postea
922 1552 1238 1605 Sywardus‚
1272 1551 1392 1591 filius
1418 1550 1527 1591 eius.
1578 1549 1749 1590 Deinde

112 1624 231 1665 filius
264 1625 360 1665 eius
379 1625 554 1666 Gorm.
605 1625 746 1666 Cuius
778 1625 900 1665 filius
926 1624 1069 1665 extitit
1093 1624 1303 1674 Gotrik‚
1336 1627 1750 1676 contemporaneus

114 1696 265 1737 Karoli
299 1697 462 1749 Magni.
527 1698 633 1738 Post
665 1698 789 1738 hunc
820 1697 956 1738 frater
987 1697 1083 1737 eius
1116 1696 1350 1738 Olauus.
1415 1695 1498 1736 Cui
1535 1695 1751 1735 successit

112 1768 232 1809 filius
264 1769 360 1809 eius
395 1769 695 1822 Hemming.
760 1770 866 1810 Post
898 1770 1022 1810 hunc
1055 1769 1175 1809 filius
1209 1769 1305 1808 eius
1340 1768 1516 1809 Rorik.
1579 1767 1750 1806 Deinde

111 1840 231 1881 filius
263 1841 360 1882 eius
380 1842 680 1882 Hal-aldus.
732 1843 890 1882 Postea
924 1841 1046 1882 filius
1074 1841 1170 1881 eius
1197 1841 1336 1882 Snio.
1386 1840 1504 1880 Huic
1537 1839 1752 1879 successit

113 1912 230 1953 filius
271 1913 368 1954 eius
402 1914 584 1954 Biorn.
657 1915 762 1954 Post
801 1915 925 1954 hunc
971 1914 1092 1954 filius
1141 1914 1237 1953 eius
1287 1912 1581 1953 Siwardus.
1648 1912 1750 1951 Post

111 1999 245 2039 quem
272 1986 408 2026 frater
433 2000 543 2026 suus
570 1987 842 2038 cognomine
862 1986 1008 2038 Ring.
1060 1986 1207 2026 Huius
1241 1984 1359 2025 tilius
1384 1984 1526 2025 extitit
1545 1985 1752 2035 Regner

112 2058 437 2099 Lothbroki.

197 2130 303 2170 Post
349 2131 471 2171 hunc
519 2142 705 2182 regnum
755 2131 952 2171 obtinuit
1000 2131 1209 2171 Ericus.
1303 2130 1411 2169 Item
1469 2129 1752 2168 secundus

114 2202 310 2242 Ericus
362 2206 409 2242 et
454 2203 672 2243 tertius.
766 2203 926 2243 Postea
983 2203 1198 2243 successit
1248 2202 1572 2254 Sywardus‚
1631 2200 1751 2240 filius

115 2274 314 2326 Regneri.
372 2274 545 2315 Deinde
580 2275 819 2327 Ennaegn
837 2288 915 2327 up.
976 2276 1136 2315 Postea
1170 2275 1293 2314 filius
1325 2274 1421 2314 eius
1456 2273 1750 2313 Haraldus.

116 2347 221 2387 Post
251 2347 375 2387 hunc
406 2347 529 2387 filius
561 2347 658 2387 eius
692 2348 944 2387 Kanutus
978 2347 1206 2387 Primus.
1258 2347 1419 2386 Postea
1453 2345 1750 2386 Siwardus.

115 2418 287 2459 Deinde
333 2418 455 2459 filius
501 2419 598 2460 eius
638 2421 812 2460 Gorm.
876 2419 1100 2460 Successit
1147 2419 1267 2459 filius
1315 2418 1411 2458 eius
1456 2418 1750 2458 Haraldus.

115 2490 254 2531 Cuius
308 2491 429 2531 filius
483 2491 625 2531 extitit
672 2491 838 2531 Gorm
887 2491 1067 2532 Lokae:
1132 2491 1260 2531 cuius
1316 2503 1426 2531 vxor
1477 2490 1628 2542 regina
1676 2490 1749 2529 illa

114 2563 335 2604 excellens
367 2563 507 2603 extitit
540 2564 706 2616 Thyrae
740 2563 1094 2603 Danmarkebot.

199 2635 340 2676 Cuius
381 2635 502 2675 filius
546 2635 687 2676 extitit
721 2635 1003 2675 Haraldus
1037 2636 1247 2675 Blatan.
1311 2635 1400 2685 Qui
1433 2635 1579 2675 filium
1614 2634 1751 2674 susci-

114 2706 226 2746 tauit
271 2707 580 2748 Suenonem
630 2707 1055 2760 Tyughaeskaeg‚
1110 2720 1261 2760 quem,
1309 2720 1360 2747 eo
1407 2708 1530 2761 quod
1579 2710 1749 2759 patrem

116 2779 472 2832 proscripsisset,
527 2779 677 2820 Sclaui
723 2783 788 2818 ter
834 2782 1018 2832 captum
1065 2779 1110 2819 in
1159 2779 1422 2819 seruitutem
1470 2779 1750 2830 redegerunt.

117 2850 222 2890 Post
243 2851 374 2891 cuius
398 2851 573 2892 obitum
599 2863 789 2903 regnum
817 2850 1087 2891 hereditauit
1115 2852 1369 2891 Kanutus
1394 2850 1752 2902 insignissimus:

116 2921 212 2975 qui,
274 2922 374 2963 licet
426 2923 618 2963 diuersis
673 2922 931 2976 hymeneis,
992 2923 1198 2974 geminos
1252 2924 1440 2964 heredes
1497 2922 1752 2963 suseitauitz

203 3074 237 3108 4.
282 3073 352 3109 hin
385 3074 536 3110 addidi.
620 3076 677 3110 ll.
711 3074 855 3110 frater:
903 3074 1046 3110 rectius
1079 3085 1219 3120 nepos.
1302 3074 1359 3109 16.
1404 3074 1540 3109 Roker
1579 3074 1751 3109 codicem

120 3128 304 3165 habuisse
335 3130 474 3175 credo;
507 3131 582 3167 vid.
615 3143 652 3176 ρ.
689 3131 776 3172 168,
799 3131 859 3166 19.

1780 985 1816 1013 10

1780 1346 1817 1375 15

1777 1710 1818 1737 20

1778 2071 1818 2100 25

1780 2432 1821 2461 30

1780 2792 1820 2821 35
