2150 3584
261 994 302 1024 10

259 1353 299 1384 15

258 2080 300 2110 25

331 205 384 244 2ss
671 217 945 245 SCRIPTORES
978 218 1203 247 HISTORIAE
1236 218 1412 246 DANICAE
1444 218 1643 246 MINORES

329 330 447 370 facta
487 334 563 370 est.
627 330 741 370 Nam
782 344 903 371 anno
947 331 1053 372 XX.
1099 331 1223 383 regni
1266 331 1362 371 eius
1403 332 1562 371 Petrus
1600 331 1803 385 quidam,
1852 331 1973 372 filius

332 401 536 453 Botildis,
568 402 759 443 consilio
792 406 834 442 et
862 403 1079 444 instinctu
1105 404 1328 456 capellani
1353 403 1422 443 sui
1443 403 1674 454 Notholdi,
1707 403 1786 457 qui
1818 408 1973 457 postea

331 474 541 526 Ripensis
588 475 830 528 episcopus
877 476 1062 516 effectus
1109 480 1194 527 est,
1253 475 1421 528 incepit
1474 474 1759 528 questionem
1816 479 1973 517 contra

330 546 530 598 clericos,
564 549 780 601 quatinus
812 548 1032 588 habentes
1058 561 1222 588 uxores
1248 547 1539 599 dimitterent,
1572 551 1613 588 et
1636 561 1728 588 non
1754 548 1974 589 habentes

329 631 622 672 nequaquam
641 621 868 660 ducerent.
914 620 997 661 Cui
1015 620 1244 674 questioni
1266 619 1417 660 clerici
1439 605 1650 671 <uolentes
1670 620 1857 672 quidem,
1881 606 1974 674 sed>

328 704 421 731 non
469 693 672 732 ualentes
717 692 938 744 resistere,
986 693 1154 746 quippe
1198 692 1399 732 Arnoldo
1448 692 1662 745 episcopo
1709 692 1801 732 iam
1848 692 1973 733 senio

329 768 598 816 pregrauato
625 768 666 804 et
689 765 924 817 egrotanti,
957 764 1029 817 alij
1063 764 1282 805 membris
1314 765 1662 813 truncabantur,
1695 764 1767 818 alij
1802 764 1975 805 occide-

328 836 518 889 bantur,
580 837 652 890 alij
703 838 757 877 de
805 837 949 890 patria
997 837 1359 890 expellebantur,
1421 836 1556 889 pauci
1607 850 1689 877 sua
1735 837 1972 878 retinuere.

328 909 559 949 Arnoldus
600 923 710 950 uero
752 909 958 962 sequenti
997 922 1118 949 anno
1159 912 1260 962 post
1292 908 1418 948 illam
1450 909 1768 962 incepcionem
1800 909 1976 950 bundo-

328 994 441 1021 num
488 981 611 1034 obijt.
675 981 758 1023 Cui
804 995 882 1022 rex
931 982 1181 1022 Nicholaus
1228 981 1518 1033 capellanum
1565 981 1644 1034 filij
1695 982 1764 1022 sui
1808 981 1974 1034 Magni,

328 1053 514 1093 nomine
548 1055 747 1105 Petrum,
780 1053 1059 1105 subrogauit.
1115 1053 1200 1093 Hic
1232 1052 1315 1093 fuit
1350 1053 1422 1093 uir
1453 1053 1649 1094 eruditus
1682 1057 1724 1093 et
1753 1053 1974 1094 litteratus

328 1130 369 1166 et
400 1126 516 1166 inter
549 1140 708 1167 omnes
737 1126 977 1179 episcopos
1004 1125 1147 1166 Danie
1179 1129 1290 1166 tunc
1320 1125 1541 1179 temporis
1573 1126 1976 1180 eloquentissimus

328 1203 369 1239 et
400 1199 812 1240 constantissimus.
876 1198 965 1249 Qui
1007 1211 1115 1238 mox
1154 1211 1342 1239 causam
1375 1198 1647 1239 clericorum
1679 1203 1837 1239 contra
1869 1199 1979 1240 bon-

327 1272 469 1311 dones
509 1271 762 1324 suscipiens
804 1284 896 1312 non
939 1271 1089 1311 solum
1132 1283 1186 1311 ex
1217 1270 1294 1311 illo
1327 1256 1419 1324 <eos
1451 1256 1592 1324 malo>
1624 1270 1850 1324 liberauit,
1898 1272 1975 1312 sed

326 1343 514 1396 insuper
566 1343 679 1383 illud
732 1343 897 1395 effecit,
952 1347 1001 1383 ut
1054 1343 1209 1383 nullus
1264 1343 1409 1384 laicus
1455 1343 1791 1396 querimoniam
1841 1357 1977 1397 super

328 1415 516 1456 clericos
548 1415 595 1455 in
628 1416 805 1469 placitis
837 1416 1016 1467 faceret,
1065 1416 1142 1456 sed
1182 1416 1227 1455 in
1262 1420 1419 1456 sancta
1453 1416 1645 1469 synodo,
1693 1416 1815 1470 quod
1849 1416 1977 1469 prius

327 1501 620 1542 nequaquam
654 1489 792 1529 licuit.
857 1489 1066 1529 Valentes
1099 1488 1287 1529 clericos
1320 1488 1569 1540 adamauit,
1602 1488 1789 1529 ecclesie
1822 1491 1975 1529 autem

327 1574 406 1601 sue
439 1561 617 1601 nullum
652 1550 911 1614 proficuum
945 1561 1148 1601 contulit.
1199 1561 1360 1602 Curias
1393 1574 1499 1601 suas
1529 1560 1721 1614 lapideis
1749 1564 1790 1601 et
1816 1561 1977 1613 ligneis

326 1634 542 1674 domibus
567 1634 760 1675 ornauit.
810 1635 865 1674 Et
890 1633 993 1674 licet
1018 1637 1282 1687 prepostero
1316 1633 1475 1674 ordine
1508 1634 1733 1685 utebatur,
1767 1647 1976 1687 querens,

327 1719 415 1760 que
455 1719 538 1746 sua
578 1710 619 1746 et
657 1720 744 1760 que
784 1706 962 1747 Cesaris
1002 1710 1141 1756 erant,
1190 1706 1370 1746 dicebat
1407 1710 1562 1746 tamen
1604 1719 1650 1746 se
1682 1710 1736 1758 et,
1784 1720 1871 1760 que
1904 1706 1976 1747 dei

328 1782 468 1830 erant,
516 1779 631 1819 uelle
664 1793 864 1832 querere,
912 1779 948 1819 si
989 1779 1143 1832 aliqua
1175 1778 1503 1832 tranquillitate
1535 1778 1661 1832 pacis
1693 1791 1799 1819 cum
1833 1778 1977 1819 Maria

328 1855 369 1891 et
401 1864 504 1891 cum
541 1852 677 1892 Iacob
710 1855 862 1905 posset
893 1864 1174 1905 permanere.
1238 1851 1295 1891 Et
1336 1855 1385 1891 ut
1414 1851 1625 1904 impleret
1656 1864 1807 1904 opere,
1853 1852 1976 1905 quod

327 1927 478 1963 mente
511 1928 553 1964 et
584 1925 725 1965 uerbo
755 1923 994 1977 disposuit,
1029 1924 1193 1964 domos
1219 1924 1276 1964 ad
1302 1923 1542 1965 ecclesiam
1568 1923 1712 1964 sancti
1733 1923 1979 1965 Clementis

328 2000 369 2037 et
400 2000 542 2037 terras
573 1996 762 2047 addidit,
807 2000 856 2036 ut
895 1996 1191 2049 congregacio
1234 1997 1572 2037 monachorum
1604 1996 1666 2036 ibi
1700 2000 1828 2037 esset.
1891 1996 1976 2037 Sed

328 2068 435 2122 quia
475 2068 692 2122 antiquus
731 2069 875 2110 hostis
916 2082 1095 2122 semper
1136 2070 1222 2110 sub
1263 2069 1492 2110 uelamine
1531 2069 1677 2109 latens
1718 2072 1761 2109 et
1800 2081 1979 2121 semper

329 2133 542 2181 inuidens
585 2141 801 2194 operibus
839 2141 1066 2182 iustorum
1108 2128 1283 2196 <pacem
1316 2127 1444 2195 odit),
1491 2145 1664 2181 tantam
1698 2140 1975 2182 discordiam

329 2213 445 2253 inter
477 2214 633 2254 Danos
672 2214 931 2266 seminauit,
978 2215 1116 2268 quod,
1164 2228 1217 2255 ex
1256 2228 1348 2268 quo
1382 2213 1702 2255 Christianitas
1738 2213 1786 2253 in
1828 2212 1973 2253 Dania

330 2284 532 2337 inoleuit,
566 2285 713 2326 maior
744 2286 985 2327 tribulacio
1019 2274 1136 2328 cleri
1158 2291 1199 2328 et
1230 2287 1376 2340 plebis
1408 2299 1501 2327 non
1535 2290 1600 2326 est
1630 2285 1761 2327 facta.

420 2438 450 2473 1.
491 2437 593 2472 Nam
635 2438 795 2483 scripsi,
842 2439 886 2474 In
931 2439 1048 2484 Kos,
1091 2441 1185 2485 post
1228 2439 1335 2485 qaod
1382 2439 1422 2474 in
1472 2438 1507 2474 Ο
1554 2439 1643 2474 eius
1689 2448 1852 2474 erasum
1895 2448 1977 2473 esse

331 2494 495 2530 videtur.
555 2493 618 2529 Ad
655 2494 740 2530 Izoec
775 2496 950 2541 pertinet
986 2507 1121 2532 versus
1156 2497 1283 2542 paulo
1322 2495 1507 2542 superias
1550 2496 1591 2531 in
1623 2495 1810 2542 marqine
1840 2495 1875 2531 Ο
1908 2495 1977 2530 ad-

328 2552 520 2598 scriptus:
556 2552 638 2587 MC.
670 2552 819 2598 bisque
852 2553 993 2589 decem
1025 2555 1241 2590 Danorum
1274 2554 1412 2589 clerus
1444 2553 1580 2600 abegit
1607 2549 1611 2590 Ι
1639 2553 1796 2588 onres
1828 2552 1975 2588 ductas

331 2620 413 2644 non
447 2609 536 2644 sine
569 2609 686 2645 clade
717 2610 844 2656 graui.
923 2612 957 2646 5.
991 2612 1179 2647 uolentes
1213 2611 1395 2657 quidem,
1439 2611 1511 2646 sed
1543 2610 1702 2656 addidi,
1749 2610 1976 2645 necessario

329 2666 435 2701 enim
476 2666 794 2712 significandam
834 2670 900 2711 est,
948 2671 1113 2704 conatos
1152 2679 1234 2704 esse
1272 2668 1433 2704 clericos
1471 2667 1661 2713 resistere,
1711 2670 1753 2702 ut
1782 2678 1839 2711 ea,
1887 2677 1977 2712 quoe

329 2723 473 2758 deinde
504 2723 550 2758 de
581 2734 718 2758 eorum
752 2725 1051 2761 calamitatibus
1083 2727 1320 2770 narrantur,
1356 2724 1532 2771 intelleyi
1550 2724 1731 2770 possint..
1795 2724 1829 2759 7.
1862 2732 1976 2770 egro-

330 2783 441 2816 tante
459 2780 497 2816 S.
560 2781 697 2816 9—10.
728 2781 969 2817 bundonem
998 2783 1041 2818 K.
1117 2783 1176 2818 10.
1203 2783 1258 2829 filj
1286 2782 1333 2818 Ο.
1408 2782 1467 2817 11.
1494 2782 1683 2817 eruditus
1708 2780 1973 2827 Westplialen,

330 2836 443 2881 bene3
475 2837 658 2873 crudelis
685 2838 788 2874 Kos
865 2839 1053 2875 literatus
1079 2840 1158 2876 OS.
1233 2841 1292 2875 14.
1325 2850 1397 2875 eos
1430 2839 1540 2874 malo
1574 2838 1733 2883 addidi,
1766 2837 1846 2873 nisi
1872 2837 1977 2883 forte

330 2906 469 2944 malis:
503 2890 668 2957 ex<ilio>
694 2906 798 2942 illos
850 2908 909 2942 18.
928 2908 1104 2944 contulit
1118 2907 1270 2957 (otulit)
1288 2908 1411 2953 Kos,
1433 2907 1572 2943 intulit
1590 2907 1695 2942 male
1714 2906 1974 2952 Westphalen.

331 2964 394 2998 24.
436 2974 709 2999 monacorum
751 2963 797 3000 Ο,
875 2965 938 3000 26.
980 2976 1125 3011 pacem
1170 2966 1258 3001 odit
1305 2966 1363 3001 vel
1409 2964 1564 3011 aliquid
1609 2964 1739 2999 simile
1785 2963 1977 2998 eat-cidisse

331 3020 496 3065 videtur,
544 3020 579 3055 si
623 3021 720 3066 quia
769 3024 868 3056 recle
916 3021 955 3056 in
1000 3022 1316 3067 proecedentibus
1353 3021 1551 3058 scribitur.
1627 3021 1689 3056 27.
1730 3020 1843 3067 quod
1885 3020 1976 3062 K0;

331 3081 372 3113 ut
407 3078 445 3113 S.
509 3078 572 3114 28.
605 3077 786 3114 exoleuit
820 3079 852 3113 H
929 3078 1070 3115 clerici
1105 3080 1147 3115 K.
