2150 3584
539 230 832 260 COMPENDWM
868 229 1065 258 sAxoms.
1116 230 1198 258 Lm.
1233 230 1260 258 11
1642 220 1717 258 231

81 346 218 388 simili
234 347 373 387 modo
388 345 479 386 iam
495 345 601 386 vrbs
618 344 828 385 incendio
846 348 1108 384 vastaretur.
1135 344 1267 395 Quod
1287 344 1540 395 intelligens
1553 345 1722 384 Frotho

81 418 276 472 sumpsit
317 421 486 459 vestem
528 416 797 458 muliebrem
843 416 1120 469 intrauitque
1163 417 1318 456 vrbem
1354 417 1482 469 quasi
1519 417 1719 468 sugitiua.

83 491 325 544 Explorata
365 490 500 542 igitur
539 489 647 530 vrbe
688 493 789 542 post
829 492 918 529 tres
956 488 1052 528 dies
1097 488 1245 528 emisit
1279 489 1454 528 socium
1497 489 1552 528 ad
1602 502 1720 528 exer-

79 564 239 613 citum,
280 566 324 603 vt
356 563 412 602 ad
446 565 624 615 portam
658 561 959 614 applicarent,
1008 560 1276 613 promittens
1310 574 1355 600 se
1390 561 1622 601 introitum
1659 561 1721 599 eis

80 636 325 683 facturum3
358 635 481 687 quod
515 638 555 674 et
587 634 756 674 sactum
784 636 861 673 est.
910 633 1044 683 Quod
1071 646 1175 673 cum
1198 634 1497 673 Handwanus
1524 633 1720 678 vidisset,

78 720 237 748 omnes
269 719 378 760 opes
411 720 518 747 suas
551 706 749 746 nauibus
782 705 1020 759 impositas
1056 706 1098 745 in
1132 719 1298 759 aquam
1332 706 1554 745 demersit.

169 779 220 820 ΙΙ.
282 779 456 819 Accidit
498 783 675 832 postea,
722 782 766 819 vt
799 778 1091 829 Swauhwita,
1138 791 1266 818 soror
1311 778 1578 829 Frontonis,
1626 778 1721 816 sint·

79 852 309 894 voluntate
357 851 600 891 Frothonis
655 851 699 891 in
749 850 969 892 Sweciam
1027 851 1108 890 iret
1155 855 1289 903 atquc
1340 852 1564 902 ltegnero,
1630 850 1720 889 tilio

80 923 311 975 Hnndingi
358 924 474 975 regis
515 923 772 975 Sueonum,
821 923 1114 963 matrimonio
1159 923 1430 975 iungeretur.
1508 922 1722 963 Similiter

79 997 209 1037 Vbbo
258 996 469 1049 quidam,
515 996 704 1036 alteram
759 1008 960 1036 sororem
1012 995 1258 1036 Frothonis
1314 995 1489 1035 habens
1535 1007 1717 1034 vxorein

79 1069 331 1119 Vluildam,
388 1081 477 1122 que
525 1068 649 1121 prius
698 1068 813 1121 patri
860 1068 1184 1117 insidiabatur,
1237 1078 1427 1119 regnum
1480 1068 1621 1107 Danie
1670 1081 1719 1106 ex

78 1141 363 1193 suggestione
408 1140 561 1182 vxoris
601 1153 827 1194 occupare
866 1141 1130 1193 temptabat.
1208 1141 1310 1190 Quo
1344 1140 1500 1180 audito
1536 1140 1720 1186 Frotho,

78 1213 313 1254 orientalia
347 1213 462 1253 bella
504 1212 786 1267 relinquens,
833 1214 955 1266 apud
990 1213 1209 1253 Sweciam
1243 1225 1347 1253 euin
1383 1226 1536 1252 sorore
1571 1213 1721 1252 Swan-

67 1286 203 1326 hwita
234 1296 372 1337 graue
404 1285 573 1325 bellum
607 1285 727 1335 iniit;
775 1286 818 1325 in
868 1299 960 1339 quo
1000 1286 1155 1325 multis
1196 1286 1331 1325 sociis
1368 1285 1549 1325 amissis
1588 1286 1696 1324 dum

79 1362 302 1414 nocturno
334 1361 537 1411 tempore
569 1362 821 1409 vagaretur,
854 1358 951 1410 ipsa
985 1359 1144 1398 eodem
1180 1360 1204 1408 †
1238 1359 1376 1398 modo
1409 1358 1560 1410 ipsum
1587 1357 1718 1396 inter-

77 1430 253 1482 rogauit
286 1430 549 1484 petiuitque,
582 1434 627 1471 vt
658 1443 757 1470 eam
788 1430 882 1471 viro
911 1430 996 1470 frui
1025 1431 1315 1483 permitteret,
1348 1444 1482 1483 quein
1508 1431 1563 1469 de
1589 1430 1719 1469 ticen-

77 1503 144 1543 cia
177 1516 258 1543 sua
292 1502 539 1543 habuisset.
618 1503 734 1543 Nam
772 1503 940 1542 Frotho
973 1507 1130 1543 contra
1166 1503 1399 1543 Ruthenos
1435 1502 1719 1555 profecturus

77 1576 261 1615 dederat
303 1575 341 1615 ei
379 1575 617 1615 licenciam
653 1575 838 1625 nubere,
870 1575 943 1615 cui
976 1575 1119 1616 vellet.
1197 1576 1311 1615 Tam
1345 1575 1475 1614 iustis
1509 1574 1719 1626 precibus

80 1648 250 1688 Frotho
288 1650 523 1700 permotus
561 1660 666 1688 cum
702 1648 905 1699 Regnero
946 1660 1104 1700 pacem
1150 1648 1431 1701 composuit,
1479 1651 1614 1701 atque
1661 1648 1718 1686 ab

77 1732 130 1761 eo
174 1720 346 1760 auxilio
384 1720 542 1760 habito
581 1720 627 1760 in
668 1719 864 1760 Daniam
905 1724 1062 1760 contra
1096 1720 1336 1760 Vbbonem
1377 1724 1442 1759 est
1475 1719 1716 1772 profectus.

78 1792 220 1845 Capto
251 1796 404 1832 autem
436 1792 619 1833 Vbboni
651 1796 786 1846 atque
829 1793 886 1832 ad
920 1805 966 1832 se
998 1793 1218 1845 perducto
1251 1792 1425 1844 ignouit
1457 1792 1717 1843 stulticiam,

76 1877 216 1918 quam
248 1863 393 1916 magis
424 1868 775 1918 attemptauerat
805 1865 958 1905 vxoris
983 1865 1185 1918 impulsu
1211 1878 1351 1919 quam
1377 1864 1559 1918 propria
1584 1868 1719 1904 teme-

77 1936 227 1985 ritate,
274 1948 328 1977 ac
366 1936 516 1990 ipsam
547 1937 780 1977 Vluildam
813 1936 852 1977 ei
885 1937 1085 1976 ablatam
1120 1936 1268 1977 amico
1302 1950 1385 1977 suo
1419 1936 1593 1988 Scotto,
1640 1937 1717 1989 qui

78 2008 240 2049 Scotici
272 2009 474 2049 nominis
506 2008 715 2050 conditor
747 2008 843 2060 fuit,
875 2009 1047 2049 nubere
1078 2008 1235 2061 coegit.
1291 2009 1391 2059 Que
1424 2010 1532 2049 noui
1568 2009 1717 2048 mariti

77 2081 285 2121 animum
316 2081 579 2133 infestabat,
625 2085 671 2121 vt
704 2082 985 2122 Frothonem
1017 2081 1310 2130 interficeret3
1358 2082 1436 2134 qui
1477 2083 1587 2121 dum
1629 2095 1717 2120 non
1747 2094 1753 2102 ·

77 2152 395 2206 acquiesceret,
420 2153 518 2207 ipsa
541 2153 732 2194 insidias
750 2166 775 2193 a
794 2153 929 2193 fratre
945 2153 990 2193 in
1011 2153 1228 2193 maritum
1249 2154 1486 2204 conuertit,
1512 2154 1719 2193 mercede

78 2226 352 2277 conducens,
386 2226 463 2279 qui
497 2226 712 2266 maritum
745 2225 1049 2266 dormientem
1083 2226 1397 2266 interficerent.
1458 2227 1521 2266 De
1554 2238 1642 2279 qua
1674 2239 1719 2265 re

165 2388 197 2424 1.
223 2387 350 2423 modo
373 2399 451 2425 om.
470 2389 516 2424 D.
579 2388 660 2423 iarn
682 2398 759 2425 om.
778 2389 821 2424 Α.
881 2388 1128 2434 intelligens,
1154 2389 1174 2424 ι’.
1193 2399 1221 2424 e.
1246 2389 1523 2434 comperiens,
1550 2391 1718 2433 utsoepe.

78 2444 112 2480 2.
136 2445 364 2491 assumpsit
381 2445 421 2481 S.
488 2444 628 2492 fugitffi
652 2445 765 2481 DAS.
828 2445 862 2481 3.
886 2446 1088 2491 postridie
1112 2446 1230 2481 Saxo.
1292 2446 1400 2481 3—4.
1428 2444 1545 2481 verba
1574 2445 1721 2491 Explo-

78 2504 165 2537 rata
184 2531 190 2537 .
210 2531 216 2538 .
234 2501 286 2537 ad
312 2505 477 2548 portam
504 2513 582 2538 om.
600 2503 640 2539 S.
705 2504 739 2538 4.
774 2513 818 2538 se
843 2503 901 2538 eis
928 2503 1020 2539 intr.
1039 2502 1114 2538 As.
1177 2504 1212 2539 6.
1242 2503 1421 2548 imponit
1446 2513 1493 2538 ac
1511 2502 1551 2538 S.
1612 2513 1718 2547 aqua

76 2557 188 2594 codd.
251 2559 287 2597 7.
308 2560 491 2596 hanwita
510 2559 586 2596 As.
643 2560 678 2595 9.
696 2559 865 2605 hadingi
886 2559 999 2595 DVS.
1061 2561 1274 2596 Sweorum
1296 2560 1386 2602 DV;
1411 2560 1717 2603 Suissw)euorum

78 2614 151 2652 As.
212 2616 254 2651 in
287 2619 405 2652 matr.
432 2616 470 2653 S.
532 2616 674 2652 malim
708 2616 852 2653 Simul.
917 2617 978 2653 10.
1007 2627 1176 2652 vxorem
1210 2628 1286 2652 om.
1315 2616 1390 2652 AS.
1455 2617 1515 2651 12.
1549 2619 1720 2661 attemp-

78 2672 190 2708 tabat
207 2672 246 2709 S.
309 2674 464 2709 Frotho
481 2684 559 2710 om.
577 2673 652 2710 As.
705 2674 867 2709 13—14.
894 2673 1014 2710 awita
1034 2673 1079 2717 S;
1115 2674 1319 2709 swanwite
1337 2675 1380 2709 Α.
1433 2674 1594 2709 15-16.
1614 2674 1718 2718 ipsa-

78 2739 157 2775 que
180 2730 325 2766 eodem
353 2731 479 2767 modo
511 2731 787 2777 interrogauit
805 2730 853 2775 S;
884 2731 953 2766 sed
977 2731 1114 2776 αΙίᾳιια
1140 2731 1176 2766 11.
1197 2731 1219 2767 l.
1240 2730 1431 2766 excidisse
1456 2730 1716 2775 manifestum

78 2798 143 2842 est,
170 2808 258 2843 quoe
279 2808 328 2834 ex
342 2798 504 2834 Saxone
519 2798 575 2834 sic
590 2799 771 2845 suppleri
782 2801 970 2845 possunt:
1000 2799 1091 2845 ipsa
1117 2798 1263 2834 eodem
1290 2784 1501 2850 <tempore
1528 2797 1719 2833 similiter

27 2873 33 2878 ·
79 2862 230 2900 vagans
246 2855 416 2891 fratrem
436 2856 613 2901 inuenit;
642 2867 664 2892 a
690 2867 788 2902 quo,
812 2867 889 2892 cur
913 2856 973 2892 sic
998 2856 1184 2892 solitaria
1208 2859 1440 2902 vagaretur,
1466 2855 1716 2900 interrogata

78 2906 247 2973 eodem>
279 2924 405 2959 modo
437 2924 576 2970 ipsum
608 2924 893 2969 interrogauit.
967 2925 1026 2961 16.
1059 2927 1100 2959 vt
1132 2935 1210 2959 om.
1244 2925 1288 2960 D.
1357 2925 1417 2959 17.
1450 2924 1646 2959 hawisset
1679 2923 1716 2957 S.

83 2979 243 3016 19—20.
282 2980 335 3016 ab
372 2991 421 3016 eo
461 2981 641 3017 concilio
682 2981 719 3016 h.
763 2985 802 3016 et
835 2981 1008 3016 Daniam
1043 2981 1082 3017 S.
1158 2982 1222 3016 21.
1263 2984 1386 3027 capto
1420 2983 1500 3026 atq;
1539 2979 1635 3027 (pro
1667 2978 1719 3023 ait)

80 3035 242 3072 vbbone
281 3040 320 3073 et
351 3037 426 3073 AS.
502 3038 710 3084 producto
744 3039 825 3073 DA.
886 3038 1052 3074 22—23.
1085 3038 1269 3083 impulsu
1303 3041 1342 3073 et
1373 3039 1502 3073 eciam
1539 3049 1575 3083 p.
1613 3042 1634 3072 t.
1667 3038 1717 3074 A:

80 3091 243 3138 inpulsa
274 3097 314 3130 et
344 3094 476 3130 eciam
508 3105 545 3141 p.
578 3098 603 3134 t.
638 3095 677 3131 S.
738 3096 803 3130 24.
836 3096 1005 3131 nomine
1037 3096 1070 3131 V
1108 3094 1206 3143 (pro
1239 3092 1434 3142 nomine).
1497 3095 1560 3130 25.
1596 3095 1718 3128 inter-

83 3147 234 3185 fecerat
266 3150 310 3186 V.
490 3153 494 3156 ”

1446 3214 1510 3246 16*

1752 1002 1790 1030 10

1750 1360 1788 1390 15

1745 1730 1787 1758 20
