2150 3584
278 973 319 1003 10

277 1337 318 1367 15

275 1701 317 1732 20

273 2066 315 2096 25

349 184 432 228 418
688 196 963 228 semprosssss
995 196 1222 229 ms‘romAE
1254 197 1430 228 DANicAE
1461 198 1660 230 Minofles

350 313 605 365 Swenonis,
662 313 949 367 Thedlauus,
1002 314 1205 356 vicissim
1258 314 1446 355 intrauit
1491 319 1533 355 et
1578 315 1737 368 exiuit,
1793 316 1994 369 pessimo

348 385 500 425 studio
547 390 820 439 occupatus;
867 387 1008 427 semel
1052 391 1205 428 autem
1252 387 1429 427 intrans
1476 388 1733 428 susurrauit
1774 389 1821 429 in
1861 401 1993 429 aures

349 458 599 509 Swenonis,
646 458 724 511 qui
756 459 910 499 statim
943 470 1147 512 surgens,
1193 459 1361 500 relictis
1402 459 1625 501 militibus
1666 460 1775 515 suis,
1821 461 1907 502 iuit
1936 462 1994 502 ad

347 529 636 583 cubiculum,
691 533 959 584 precedente
1005 532 1195 572 luminis
1240 536 1483 585 portatore.
1562 534 1669 574 Mox
1715 547 1767 575 eo
1814 545 1994 586 egresso

347 602 512 643 milites
538 603 635 643 eius
659 603 932 645 inuaserunt
950 605 1184 645 Kanutum
1210 608 1253 644 et
1268 605 1631 647 Waldemarum.
1671 607 1995 647 Waldemarus

346 675 497 715 statim
525 676 712 716 exiliens
738 690 930 717 manum
956 690 1070 731 capa
1095 677 1363 718 obuolutam
1398 690 1452 719 ac
1476 691 1612 731 super
1637 683 1774 732 caput
1796 679 1994 732 positam

345 747 507 800 gladiis
540 748 718 802 obiecit,
751 762 805 790 ac
836 750 1129 790 Thedlauum
1160 751 1208 791 in
1241 763 1288 791 se
1319 751 1506 802 grauius
1540 750 1786 792 irruentem
1819 751 1994 805 impetu

347 821 540 874 pectoris
588 822 857 874 prostrauit,
919 835 1025 863 cum
1080 836 1171 877 quo
1221 826 1263 863 et
1308 823 1405 877 ipse
1451 824 1620 864 cadens
1666 824 1994 876 grauissimum

345 894 514 934 vulnus
552 894 599 934 in
641 894 813 935 femore
854 895 1024 949 recepit
1037 911 1046 947 3
1094 897 1172 937 sed
1210 896 1457 937 immemor
1493 896 1711 948 vulneris,
1758 898 1910 937 statim
1950 900 1997 938 vt

347 979 483 1020 super
523 968 660 1020 pedes
699 967 914 1019 constitit,
961 981 1041 1022 per
1080 968 1285 1009 medium
1319 969 1523 1009 hostium
1556 969 1697 1010 exiuit
1728 973 1864 1024 atque
1897 981 1996 1010 cur-

345 1040 487 1080 rendo
520 1039 567 1079 in
598 1040 798 1081 tenebris
829 1040 987 1081 euasit.
1036 1041 1304 1082 Thedlauus
1335 1041 1501 1082 iterum
1534 1053 1725 1094 surgens
1758 1043 1994 1083 Kanutum

345 1124 451 1152 cum
505 1125 727 1153 mucrone
780 1126 860 1166 per
905 1113 1100 1154 frontem
1148 1113 1372 1164 confodit;
1432 1114 1509 1155 vbi
1563 1118 1605 1155 et
1651 1114 1994 1168 Constantinus,

345 1184 522 1237 primus
568 1185 684 1226 inter
731 1186 900 1226 Kanuti
947 1186 1251 1239 necessarios,
1311 1191 1376 1228 est
1422 1191 1697 1241 peremptus.
1789 1187 1994 1228 Absolon

345 1261 498 1298 autem
539 1258 786 1299 salutarem
825 1258 996 1299 exitum
1028 1258 1145 1300 inter
1175 1259 1350 1312 gladios
1382 1264 1559 1313 poterat
1589 1260 1808 1314 optinere,
1854 1259 1994 1302 venit-

345 1343 432 1383 que
469 1330 516 1370 in
556 1331 778 1384 Ramsyo3
825 1331 902 1372 vbi
941 1345 967 1372 a
1008 1332 1160 1373 villico
1201 1336 1381 1386 recepto
1421 1332 1567 1374 veloci
1614 1346 1731 1387 equo
1773 1332 1898 1374 venit
1935 1333 1994 1373 ad

344 1407 551 1453 matrem,
583 1403 808 1456 indicans,
848 1417 936 1457 que
969 1404 1202 1445 Roskildie
1234 1409 1357 1457 gesta
1389 1409 1529 1446 erant.
1590 1406 1915 1447 Waldemarus
1947 1405 1994 1445 in

344 1475 450 1528 suga
495 1477 612 1516 duos
658 1477 713 1517 de
760 1476 854 1517 suis
903 1473 953 1531 [a]
1003 1489 1111 1517 casu
1157 1477 1400 1518 inueniens
1447 1491 1524 1519 eos
1571 1478 1760 1519 comites
1811 1477 1995 1529 hahuit3

344 1561 543 1602 quorum
575 1561 661 1602 ope
694 1561 865 1602 equum
897 1550 1152 1604 acquirens,
1200 1564 1252 1591 eo
1293 1552 1418 1606 quod
1457 1555 1642 1605 propter
1677 1551 1847 1593 vulnus
1879 1551 1994 1591 bene

343 1621 582 1662 ambulare
613 1634 708 1662 non
740 1624 928 1674 poterat,
975 1623 1098 1663 venit
1130 1624 1186 1664 ad
1221 1628 1413 1664 matrem
1446 1623 1706 1673 Absolonis,
1747 1623 1824 1666 vbi
1856 1623 1994 1676 ligato

344 1694 532 1735 vulnere
567 1694 753 1748 quieuit.

429 1767 521 1808 XV.
606 1767 822 1808 Diluculo
876 1768 1076 1809 collectis
1125 1769 1286 1810 Sweno
1341 1769 1520 1811 ciuibus
1575 1769 1758 1810 mentiri
1812 1769 1993 1823 incepit,

343 1840 537 1893 qualiter
569 1840 779 1881 Kanutus
812 1844 853 1881 et
884 1841 1209 1882 Waldemarus
1242 1855 1347 1883 eum
1380 1843 1435 1884 de
1464 1847 1597 1883 nocte
1622 1842 1828 1883 occidere
1851 1845 1993 1895 temp-

342 1916 564 1964 tauerant,
612 1916 654 1953 et
692 1913 886 1966 qualiter
926 1914 1011 1954 deo
1050 1918 1202 1955 actore
1241 1915 1353 1956 alter
1393 1915 1629 1968 ceciderat,
1677 1914 1993 1968 auxiliumque

343 1989 501 2025 contra
542 1985 685 2025 alium
724 1987 997 2039 postulabat.
1062 1987 1237 2029 Deinde
1279 1988 1384 2029 fecit
1423 1988 1513 2029 ledi
1556 2001 1717 2029 omnes
1757 2000 1900 2028 naues
1945 1987 1992 2027 in

343 2057 535 2098 circuitu
567 2058 730 2111 insule,
776 2072 833 2099 ne
866 2059 1189 2100 Waldemarus
1222 2061 1448 2113 euaderet,
1496 2073 1692 2115 eumque
1732 2073 1811 2113 per
1850 2060 1992 2100 siluas

343 2133 385 2169 et
430 2130 700 2171 solitudines
745 2131 1016 2185 inquirebat.
1087 2132 1173 2174 Sed
1219 2133 1472 2185 Esbernus,
1520 2146 1663 2187 nepos
1710 2132 1990 2174 Skialmonis

345 2202 467 2243 Hwit
498 2215 552 2243 ex
583 2202 692 2256 filio,
739 2208 983 2257 procurato
1026 2205 1211 2258 nauigio
1244 2206 1593 2247 Waldemarum
1626 2209 1852 2250 nocturno
1883 2208 1993 2246 tem—

344 2287 453 2327 pore
495 2276 553 2315 ad
594 2289 718 2317 mare
759 2277 1001 2330 expediuit.
1079 2278 1239 2319 Statim
1279 2283 1376 2319 orta
1417 2282 1684 2332 tempestate
1725 2277 1992 2318 inusitatam

345 2347 484 2388 maris
517 2348 735 2389 seuiciam
768 2350 1093 2391 Waldemarus
1126 2354 1192 2392 est
1223 2355 1435 2405 expertus
1465 2351 1512 2392 in
1544 2355 1738 2400 tantum,
1779 2354 1838 2403 vt,
1879 2349 1994 2390 mili-

434 2493 466 2527 1.
499 2492 691 2529 tedlauus
717 2494 745 2529 S
777 2495 830 2538 (7.
864 2495 921 2531 11.
956 2495 1093 2540 tethl.).
1155 2496 1189 2531 2.
1216 2499 1447 2543 occupatus
1473 2495 1602 2540 codd.;
1634 2495 1702 2531 sed
1727 2494 1870 2531 scribd.
1892 2496 1993 2541 puto

344 2550 609 2586 occasionem
636 2550 837 2587 facinoris
864 2552 1118 2598 speculatus,
1142 2553 1217 2589 vid.
1239 2553 1357 2590 Saxo.
1420 2554 1454 2590 4.
1482 2554 1632 2599 ptitore
1650 2553 1695 2590 V.
1758 2552 1793 2589 6.
1822 2563 1992 2588 manum

346 2607 479 2643 oms.
541 2608 995 2656 cappaA30appamS.
1057 2610 1433 2647 abuolutamDVA.
1485 2609 1767 2646 7.etthed1.v.
1822 2609 1993 2656 grauius

347 2664 418 2699 DV
450 2665 604 2708 (acrius
630 2664 771 2711 Saxo);
803 2666 1003 2712 grauibus
1030 2668 1082 2712 Α;
1113 2669 1298 2713 grauiter
1325 2669 1364 2704 S.
1427 2668 1461 2704 8.
1491 2678 1575 2714 quo
1600 2677 1678 2704 om.
1702 2668 1746 2703 Α.
1810 2667 1869 2703 10.
1896 2676 1993 2702 con-

346 2722 478 2757 stituit
517 2722 592 2757 AS.
674 2723 733 2759 11.
771 2723 984 2759 thetlauus
1018 2724 1061 2760 D.
1142 2726 1203 2761 14.
1243 2727 1398 2761 exitum
1438 2735 1538 2761 corr.
1582 2735 1632 2761 ex
1661 2724 1914 2760 excercitum
1948 2723 1992 2760 V.

350 2779 410 2815 15.
454 2781 616 2816 ramsoo
657 2780 734 2816 As.
823 2791 844 2816 a
885 2781 1015 2816 deleui
1058 2783 1156 2826 (non
1196 2782 1317 2819 habet
1352 2782 1484 2827 Saxo).
1577 2783 1637 2818 18.
1685 2781 1913 2827 adquirens
1953 2780 1992 2817 S.

347 2836 411 2871 21.
454 2837 602 2872 Sweno
644 2837 769 2873 sociis
810 2841 848 2873 et
886 2838 1052 2874 ciuibus
1093 2839 1138 2874 D.
1213 2841 1323 2887 cepit
1355 2840 1394 2876 S.
1470 2839 1533 2875 22.
1575 2839 1625 2875 de
1666 2841 1787 2874 nocte
1824 2849 1919 2874 eum
1952 2837 1991 2873 S.

346 2896 659 2939 temptauerunt
698 2895 740 2930 Α.
833 2895 1000 2931 23—25.
1041 2895 1160 2931 verba
1199 2897 1339 2933 omnia
1380 2899 1420 2933 et
1460 2897 1641 2942 qualiter
1680 2896 1758 2931 deo
1800 2898 1990 2931 actore..

347 2951 543 2986 euaderet
584 2951 668 2995 (25)
710 2962 789 2991 om.
835 2953 878 2989 D.
955 2952 1019 2989 23.
1051 2953 1172 2989 aliter
1210 2955 1305 3000 (pro
1348 2954 1466 2998 alter)
1507 2955 1551 2989 Α.
1626 2954 1689 2989 25.
1722 2952 1913 2989 iuaderet
1945 2952 1990 2988 V.

348 3007 411 3042 27.
460 3008 601 3043 hwidh
650 3008 726 3045 AS.
818 3012 1008 3056 tempore
1054 3021 1131 3046 om.
1178 3012 1221 3047 Α,
1313 3012 1376 3047 29.
1426 3011 1467 3046 in
1514 3013 1675 3046 tantum
1718 3010 1775 3046 W.
1823 3012 1884 3045 est
1929 3019 1994 3044 ex-

348 3067 490 3110 pertus
523 3065 599 3103 AS.
