2150 3584
525 213 819 242 COMPENDIVM
853 214 1051 242 SAxoms.
1101 215 1179 242 mn.
1216 215 1277 242 ¹111
1643 205 1719 244 261

77 330 184 370 talia
217 329 357 369 latera
388 327 627 380 habencia,
660 327 924 368 documenti
956 328 1147 368 inicium
1181 341 1205 368 a
1235 328 1440 369 locorum
1469 343 1549 370 vsu
1576 330 1725 383 incep-

78 406 230 451 turus;
291 400 460 454 quibus
516 399 754 453 descriptis
815 404 1002 453 vterque
1058 400 1309 452 ingreditur
1369 402 1576 455 spacium
1639 403 1724 442 sibi

78 474 374 526 assignatum.
424 473 556 512 Tunc
588 472 759 513 Frotho
793 472 954 512 callide
986 472 1164 524 rogauit
1197 473 1461 525 Frogerum,
1495 478 1539 515 vt
1571 475 1723 515 locum

79 551 121 588 et
151 558 279 587 arma
312 558 467 587 secum
501 547 795 598 permutaret3
842 544 916 584 cui
956 544 1029 585 ille
1069 544 1219 584 statim
1261 546 1467 597 assensit,
1515 560 1567 587 eo
1601 548 1723 600 quod

77 619 203 672 galea
223 617 484 668 Frothonis,
517 616 656 657 lorica
690 620 731 656 et
763 617 850 656 alia
884 629 1012 656 arma
1045 617 1143 656 auri
1177 617 1464 669 preferebant
1489 619 1723 670 fulgorem.

79 691 218 743 Igitur
250 690 422 730 Frotho
455 689 510 729 de
543 689 658 739 loco,
705 689 780 729 vbi
815 689 1039 740 Frogerus
1072 692 1265 740 steterat,
1313 690 1548 742 puluerem
1586 705 1724 732 manu

78 763 295 815 colligens
348 761 585 803 victoriam
647 761 734 801 sibi
796 761 1028 814 sperabat,
1088 772 1418 815 aggressusque
1477 763 1723 816 Frogerum

77 835 312 876 interfecit.

165 907 284 948 Huic
325 906 544 947 successit
582 906 704 946 filius
747 906 876 947 Dan.
940 905 1030 955 Qui
1070 918 1176 946 cum
1210 908 1289 947 .12.
1334 912 1449 948 esset
1481 907 1725 962 annorum,

78 994 155 1021 rex
187 979 382 1021 Saxonie
415 979 501 1019 sibi
536 978 787 1029 mandauit,
833 982 880 1018 vt
918 982 996 1018 aut
1039 990 1195 1018 secum
1229 979 1416 1020 bellaret
1448 985 1526 1020 aut
1559 982 1726 1022 tributa

77 1054 216 1094 daret.
280 1051 419 1104 Igitur
459 1055 729 1103 congregata
765 1052 1001 1091 Danorum
1044 1051 1281 1091 iuuentute
1313 1052 1492 1092 Albiam
1530 1054 1724 1095 lluuium

77 1129 142 1166 tot
173 1124 373 1165 nauibus
404 1123 627 1176 impleuit,
669 1127 715 1163 vt
746 1123 926 1163 facilem
959 1123 1203 1163 transitum
1238 1137 1317 1176 per
1348 1125 1550 1167 tabulata
1585 1127 1726 1167 instar

78 1197 229 1251 pontis
270 1200 532 1250 prestarent.
597 1196 663 1235 Ex
706 1209 797 1249 quo
837 1196 1002 1248 euenit,
1050 1200 1098 1236 ut
1137 1209 1215 1236 rex
1255 1196 1450 1237 Saxonie
1490 1196 1725 1246 tributum,

77 1270 200 1323 quod
233 1282 258 1309 a
292 1268 435 1309 Danis
467 1269 635 1308 habere
667 1268 824 1319 voluit,
859 1268 921 1308 eis
955 1269 1132 1308 soluere
1165 1273 1413 1320 cogeretur.

163 1342 237 1389 IX.
330 1340 449 1381 Huic
512 1340 731 1381 successit
792 1340 1105 1381 Fridlewus
1167 1341 1265 1381 hin
1327 1342 1515 1382 raskae.
1622 1342 1724 1392 Quo

76 1417 292 1467 regnante
340 1413 630 1464 Hwiruillus,
684 1413 927 1453 Hollandie
974 1413 1208 1466 princeps,
1264 1414 1382 1454 sacto
1429 1426 1534 1454 cum
1585 1414 1727 1453 Danis

76 1487 227 1527 federe
274 1485 564 1537 Norwegiam
610 1485 875 1534 insestabat3
922 1485 1176 1538 habuitque
1220 1486 1424 1539 quinque
1465 1485 1726 1538 complices,

77 1559 249 1599 scilicet
295 1559 603 1608 Broddonem,
653 1557 851 1609 Bildum,
901 1558 1151 1609 Bugonem,
1201 1558 1476 1609 Famingum
1524 1562 1565 1598 et
1608 1558 1725 1598 Gun-

77 1632 312 1680 holmum,
359 1634 486 1683 patre
535 1631 633 1683 Fyn
680 1634 960 1683 procreatos,
1017 1643 1217 1684 quorum
1264 1630 1477 1670 societate
1523 1630 1726 1670 confisus

77 1703 222 1755 fedus,
269 1703 391 1756 quod
435 1715 539 1743 cum
575 1702 718 1742 Danis
750 1702 987 1754 habuerat,
1035 1703 1155 1742 bello
1195 1702 1426 1743 lacerauit.
1490 1703 1580 1752 Qui
1620 1715 1725 1742 cum

77 1776 300 1816 australes
333 1779 482 1828 partes
516 1775 758 1828 Syalendie
789 1774 1035 1827 infestaret,
1079 1775 1425 1815 occurrentibus
1459 1775 1601 1815 Danis
1634 1779 1725 1814 tam

76 1848 250 1889 fortiter
288 1861 342 1888 ex
379 1851 570 1900 vtraque
608 1851 735 1900 parte
778 1847 1078 1895 bellauerunt,
1124 1851 1171 1887 vt
1209 1847 1357 1887 neutri
1390 1847 1506 1900 parti
1538 1847 1726 1887 victoria

77 1919 244 1960 ascribi
275 1924 441 1972 posset,
489 1920 567 1959 sed
607 1919 783 1973 equalis
823 1923 992 1971 strages
1024 1919 1236 1972 vtrinque
1268 1919 1385 1959 facta
1418 1923 1522 1959 erat.
1587 1919 1728 1959 Nocte

168 2028 201 2061 1.
235 2023 427 2074 littora(!)
459 2025 507 2070 S;
551 2025 681 2069 litere,
715 2028 758 2060 ut
789 2025 877 2069 vid,
910 2025 954 2061 A.
1030 2025 1122 2060 visu
1155 2025 1230 2061 AS.
1309 2025 1343 2061 3.
1380 2025 1536 2060 Frotlio
1568 2035 1645 2060 om.
1679 2025 1725 2060 D.

78 2086 195 2129 rogat
225 2083 258 2118 D
289 2080 385 2131 (pro
417 2080 555 2130 roga¹).
634 2083 861 2128 Frogerum
895 2093 972 2118 om.
998 2082 1041 2118 A.
1114 2082 1253 2117 locum
1280 2082 1344 2117 AS
1375 2080 1435 2129 (ut
1464 2080 1602 2129 Sa.t·o);
1635 2081 1725 2117 loca

79 2140 162 2176 DV.
252 2140 287 2175 4.
334 2142 544 2186 permutat
592 2139 700 2175 DVA
744 2137 842 2188 (pro
884 2138 1090 2187 pmuta't),
1147 2140 1323 2184 correxi,
1384 2139 1641 2185 permutauit
1687 2139 1725 2173 S.

79 2207 212 2242 eoque
237 2196 280 2233 A.
342 2197 377 2233 5.
410 2196 615 2242 fulgorem
649 2196 750 2242 pref.
776 2196 853 2232 AS.
918 2197 951 2233 6.
986 2197 1053 2231 vbi
1089 2197 1180 2239 DV;
1213 2207 1298 2242 quo
1323 2196 1398 2232 AS.
1462 2196 1495 2231 7.
1529 2196 1726 2230 victorias

79 2264 186 2300 sper.
203 2253 279 2290 AS.
334 2252 611 2301 superabam)
629 2254 674 2289 D.
727 2262 1086 2299 aggressurusque
1103 2253 1414 2297 codd.‚cor1·eae1'.
1463 2253 1496 2288 9.
1516 2252 1727 2298 Inscriptio

80 2311 121 2346 in
153 2311 203 2347 A:
253 2311 309 2346 De
350 2320 443 2356 rege
485 2311 573 2346 Dan
615 2312 758 2353 tercio,
805 2312 841 2346 et
880 2311 921 2346 in
954 2321 1100 2356 mat-y*
1148 2320 1241 2345 xxx.
1278 2311 1365 2345 Dan
1400 2309 1540 2345 frodes
1576 2311 1652 2345 t'on.
1685 2329 1726 2334 -—

82 2368 189 2403 Huic
228 2377 470 2403 successum
513 2368 660 2403 habuit
700 2367 724 2404 f.
769 2368 858 2403 eius
894 2368 982 2403 Dan
1015 2368 1058 2403 A.
1149 2371 1258 2402 esset
1299 2367 1521 2402 duodecim
1562 2377 1655 2401 ann.
1688 2366 1726 2402 S.

83 2425 143 2461 10.
176 2425 395 2460 mandaret
426 2425 471 2460 V.
546 2428 618 2460 aut
649 2425 728 2460 sibi
761 2425 853 2461 trib.
885 2425 962 2460 AS.
1034 2426 1094 2460 11.
1129 2425 1188 2459 Ita
1222 2433 1361 2469 congr.
1395 2424 1435 2459 S.
1508 2424 1727 2459 iuuentute

80 2482 152 2517 DV
181 2479 338 2529 (Saae0);
386 2482 654 2517 multitudine
686 2482 762 2517 AS.
842 2482 903 2517 12.
946 2482 997 2516 ad
1039 2482 1171 2516 instar
1202 2481 1247 2517 A.
1327 2481 1388 2517 13.
1422 2482 1574 2523 euenit,
1612 2480 1726 2526 quod

80 2549 152 2574 rex
184 2539 228 2574 D.
303 2540 364 2574 14.
395 2542 615 2585 cogeretur
646 2550 723 2575 om.
756 2539 801 2575 V.
877 2539 937 2574 15.
973 2538 1183 2583 Inscriptio
1217 2538 1257 2573 in
1292 2539 1343 2573 D:
1376 2537 1605 2573 ffridlewus
1639 2537 1727 2581 239;

81 2595 123 2631 in
154 2595 208 2632 A:
255 2596 315 2631 De
354 2596 460 2642 Rege
496 2596 693 2631 Fridleuo
735 2596 807 2631 hin
851 2596 984 2639 raska,
1031 2597 1067 2630 et
1097 2595 1138 2630 in
1173 2605 1318 2640 marg:
1366 2604 1474 2630 xxx1.
1509 2594 1615 2629 frille
1647 2594 1726 2629 den

83 2654 207 2689 snare.
269 2653 332 2688 Fr.
379 2656 658 2698 cognomento
705 2652 824 2688 Celer
868 2653 989 2688 Saxo.
1036 2673 1073 2676 —
1123 2652 1350 2687 Successor
1396 2651 1522 2686 huius
1569 2651 1646 2686 fuit
1684 2651 1728 2686 A.

81 2708 298 2745 frodleuus
324 2710 364 2746 S.
429 2711 488 2745 16.
521 2713 687 2755 regente
712 2710 787 2745 AS.
850 2709 1097 2744 liwirwillus
1121 2709 1196 2744 AS.
1260 2709 1470 2744 liollendie
1500 2708 1545 2743 S:
1579 2718 1726 2742 nomen

80 2768 316 2812 corruptum
350 2766 516 2803 videtur.
596 2767 703 2802 facto
733 2777 810 2802 om.
830 2767 874 2802 V.
940 2767 1000 2801 17.
1033 2777 1127 2801 cum
1157 2766 1293 2801 Norw.
1320 2763 1396 2807 AS,
1427 2765 1496 2800 sed
1523 2775 1600 2810 pro
1631 2774 1726 2799 cum

29 2847 35 2852 -
82 2822 206 2858 deleto
237 2821 291 2858 A1
322 2823 363 2858 in
398 2834 527 2869 mary.
559 2827 660 2859 tunc
690 2823 861 2868 scripsit.
928 2824 989 2858 18.
1027 2826 1047 2858 l'.
1078 2821 1142 2870 (z
1166 2820 1339 2870 scilicet)
1369 2832 1447 2856 om.
1480 2821 1525 2857 V.
1604 2821 1729 2856 brud-

83 2880 234 2916 donem
268 2880 312 2916 A.
403 2881 635 2927 buggonem
670 2881 708 2916 S.
799 2880 1026 2925 lamingum
1060 2881 1093 2914 A
1125 2881 1160 2914 et
1189 2889 1348 2924 semper
1389 2879 1416 2914 S
1447 2879 1725 2925 <Fanningum

81 2934 214 2985 Saxo).
302 2937 584 2973 hunholmum
627 2936 779 2980 D1VA3
825 2937 951 2983 gunli.
995 2947 1095 2972 corr.
1130 2934 1184 2971 D?
1219 2936 1279 2983 (ut
1317 2934 1457 2982 Saxo);
1506 2936 1652 2970 hunth.
1686 2936 1725 2971 S.

87 2994 147 3029 19.
179 3004 228 3030 ex
259 2996 377 3040 patre
410 2996 477 3040 syn
509 2995 585 3030 AS.
648 2994 711 3030 23.
745 2994 952 3038 vti-imque
988 2994 1040 3036 V;
1073 2993 1291 3038 Vtriusque
1324 2993 1362 3028 S.

150 3073 252 3102 script.
274 3074 339 3098 hist.
360 3074 431 3098 Dan.
453 3075 587 3098 minores.
1483 3060 1521 3090 18

1755 992 1795 1022 10

1755 1352 1794 1382 15

1753 1715 1795 1745 20
