2150 3584
521 225 817 254 COMPENDIVM
852 225 1050 253 SAXOMS.
1101 224 1333 252 PROLOGVS
1671 214 1753 253 219

98 343 431 380 excrescentem
463 339 708 392 replentur,
742 342 785 378 vt
814 342 962 389 guttas
989 338 1031 377 in
1059 338 1256 378 sublime
1284 338 1470 387 iaciant,
1503 339 1752 392 aliquando

95 424 213 466 aqua
249 411 308 451 ita
341 411 629 462 absorbetur,
661 415 706 450 vt
739 411 946 451 humano
981 411 1079 451 visu
1115 410 1187 449 vix
1221 411 1342 450 cerni
1379 411 1532 463 possit.
1584 411 1661 450 Est
1693 411 1750 449 ibi

96 496 243 535 mons,
276 483 354 538 qui
389 487 606 536 perpetua
639 482 852 523 incendia
886 486 1074 523 eructat.
1127 482 1245 522 Huic
1277 483 1422 522 eciam
1450 483 1596 522 insule
1621 483 1752 523 certis

94 555 381 609 temporibus
415 554 593 595 infinita
626 555 785 606 glaciei
819 555 964 595 moles
998 556 1288 601 admouetur,
1336 568 1423 607 que
1465 568 1568 595 cum
1605 555 1752 607 primo

94 629 149 668 ad
193 627 368 680 lapides
408 627 556 667 insule
596 626 710 667 illidi
744 628 925 680 ceperit,
973 628 1103 680 quasi
1148 627 1510 678 remugientibus
1552 628 1752 680 seopulis
1779 636 1797 665 5

94 700 306 741 inusitate
339 699 728 740 conclamacionis
761 713 897 741 voces
930 714 982 740 ex
1015 700 1106 740 alto
1140 699 1413 748 audiuntur,
1448 700 1748 752 quamobrem

93 773 138 813 in
188 773 262 813 illa
311 772 491 824 frigoris
538 772 856 824 magnitudine
896 772 1076 812 animas
1120 771 1273 825 puniri
1319 772 1629 812 existimatum
1673 777 1749 812 est.

96 845 245 886 Huius
285 849 438 885 autem
484 844 619 885 molis
661 844 810 885 excisa
855 845 1079 898 particula
1119 844 1483 898 quantiscunque
1517 845 1649 884 nodis
1684 846 1749 885 vel

94 917 320 958 clausuris
352 917 670 969 concludatur,
703 917 855 957 statim
890 921 935 958 vt
969 916 1088 957 dicta
1120 916 1287 969 glacies
1310 917 1367 957 ab
1393 917 1542 957 insula
1570 918 1752 967 recedit,

92 989 245 1030 subito
292 989 538 1030 euanescit.
602 990 682 1030 Est
728 993 769 1030 et
816 990 908 1030 illic
955 990 1078 1030 aliud
1128 989 1286 1041 glaciei
1328 1000 1470 1040 genus
1512 990 1748 1030 monciuni
1782 998 1820 1028 10

92 1061 436 1103 summitatibus
483 1075 535 1102 ac
582 1062 777 1115 rupibus
824 1062 1149 1115 interceptum,
1207 1063 1330 1116 quod
1387 1062 1520 1102 certis
1572 1062 1750 1103 vicibus

91 1133 293 1186 vertitur,
339 1134 541 1175 inferiori
586 1135 829 1187 superficie
862 1134 1074 1188 superius
1106 1147 1235 1174 versa
1269 1138 1311 1174 et
1342 1146 1606 1174 econuerso.
1673 1135 1748 1174 Est

92 1209 134 1247 et
170 1206 233 1246 ibi
276 1207 504 1258 scaturigo
547 1220 678 1261 aque,
726 1207 781 1247 de
822 1220 911 1261 qua
946 1207 980 1247 si
1015 1207 1118 1260 quis
1150 1210 1312 1258 gustat,
1361 1207 1512 1247 statim
1556 1207 1749 1247 moritur

91 1278 222 1333 quasi
256 1283 440 1332 sumpto
474 1293 664 1320 veneno.
726 1279 843 1319 Sunt
875 1284 917 1319 et
949 1279 1021 1332 alij
1058 1279 1219 1329 fontes,
1267 1292 1465 1332 quorum
1499 1292 1616 1332 aque
1650 1293 1748 1332 pro-

91 1351 327 1404 prietatem
375 1352 566 1393 ceruisie
612 1352 782 1392 imitari
830 1352 1141 1405 perhibentur.
1219 1351 1333 1391 Sunt
1380 1355 1422 1392 et
1467 1352 1606 1404 ignes,
1653 1353 1746 1406 qui,
1776 1361 1814 1391 15

91 1435 196 1464 cum
222 1423 397 1476 lignum
424 1437 696 1465 consumere
721 1429 964 1479 nequeant,
997 1437 1114 1477 aque
1148 1423 1395 1464 molliciem
1422 1425 1744 1477 depascuntur.

92 1496 170 1536 Est
203 1499 245 1536 et
275 1509 454 1550 saxum,
501 1498 625 1550 quod
664 1497 901 1538 moncium
942 1500 1158 1550 prerupta
1200 1509 1293 1537 non
1327 1497 1578 1538 extrinseca
1613 1498 1746 1539 iacta-

90 1567 219 1609 cione
238 1569 316 1609 sed
335 1569 520 1623 propria
546 1570 757 1610 mocione
782 1570 1044 1624 peruolitat3
1078 1569 1352 1610 volitacione
1378 1569 1490 1609 enim
1520 1575 1743 1611 mouetur.

176 1641 226 1681 In
260 1642 542 1683 extremitate
570 1643 807 1694 Norwegie
836 1643 902 1683 sol
931 1642 1147 1683 continue
1180 1646 1369 1695 apparet
1401 1642 1445 1682 in
1481 1646 1633 1693 estate,
1666 1644 1743 1683 sed

92 1726 170 1765 per
203 1714 416 1766 hyemem
451 1716 716 1755 occultatur.
1769 1725 1811 1755 20

563 1871 624 1906 De
656 1871 826 1915 origine
859 1871 1000 1915 gentis
1035 1871 1268 1905 Danorum.

186 1938 276 2017 Ut
334 1978 556 2015 testantur
615 1980 785 2016 veteres
838 1975 1230 2027 hystoriographi,
1292 1979 1496 2028 tempore
1552 1975 1740 2025 Saruch,

88 2046 248 2098 proaui
282 2047 511 2100 Habmhe,
543 2059 750 2100 regnum,
786 2049 908 2101 quod
944 2059 1068 2087 nunc
1104 2045 1249 2086 Dania
1283 2048 1351 2087 vel
1388 2047 1526 2087 Dacia
1561 2047 1740 2094 dicitur,

90 2118 205 2158 Dani
236 2119 538 2164 intrauerunt,
585 2121 862 2172 prodeuntes
906 2120 961 2159 de
995 2119 1178 2169 Gothis,
1226 2121 1344 2159 vnde
1377 2124 1419 2160 et
1451 2120 1612 2159 beatus
1644 2119 1740 2159 Ysi-

86 2190 225 2231 dorus
256 2191 303 2231 in
336 2191 452 2232 libro
486 2191 884 2244 ethimologiarum
911 2192 1032 2238 dicit,
1067 2193 1191 2244 quod
1213 2192 1323 2231 Daci
1350 2196 1455 2231 sunt
1483 2192 1737 2232 Gothorum
1765 2202 1807 2231 25

172 2285 205 2321 2.
239 2285 294 2320 ita
326 2286 368 2321 in
404 2286 463 2321 eis
488 2286 574 2321 abs.
599 2286 676 2321 AS.
738 2286 846 2321 2—3.
881 2286 942 2321 Ibi
967 2287 1096 2322 eciam
1125 2289 1185 2321 est
1210 2297 1331 2321 mons
1357 2286 1540 2332 quidam,
1573 2286 1644 2331 qui
1662 2286 1738 2322 AS.

86 2340 120 2376 3.
142 2342 247 2377 Hinc
265 2342 303 2378 S.
338 2343 373 2379 4.
390 2343 491 2388 glac.
512 2343 606 2378 mol.
626 2343 695 2378 ins.
715 2344 753 2379 S.
797 2344 829 2378 7.
851 2341 1432 2390 D2i11n1a1=51.purgatorit1111.
1475 2345 1508 2379 8.
1528 2344 1738 2389 quantisq;

88 2399 219 2440 codd.;
253 2400 411 2435 correxi
440 2410 489 2435 ex
504 2400 676 2436 Saxone.
740 2402 776 2437 9.
810 2400 1121 2435 concludantur
1137 2401 1214 2436 AS.
1280 2401 1340 2435 10.
1375 2401 1587 2436 moncium
1615 2401 1736 2440 DVS;

86 2460 135 2492 ηό
154 2458 257 2501 Ῐῑῑι(1)
275 2457 320 2492 Α.
357 2458 417 2493 11.
437 2457 706 2493 intersertum
723 2458 855 2502 δίη-0,·
871 2457 937 2492 hic
951 2457 1043 2502 fort.
1063 2457 1189 2493 scrbd.
1208 2458 1489 2503 interseptum.
1527 2459 1586 2493 12.
1602 2463 1614 2493 ῑ
1629 2457 1736 2493 feru-

83 2513 145 2548 ori
162 2513 211 2557 Α;
236 2514 454 2549 iinferiori
470 2515 510 2550 S.
557 2515 795 2561 superficiei
810 2515 882 2549 DV
900 2513 1033 2558 (ets1).
1081 2515 1141 2551 15.
1164 2515 1473 2561 peribenturV2,
1492 2515 1736 2560 perhibetur

86 2569 126 2612 S,
156 2581 257 2606 corr.
289 2581 339 2606 ex
370 2571 631 2617 prohibetur.
693 2576 731 2608 et
764 2572 820 2607 ibi
856 2572 970 2617 ignes
999 2572 1036 2607 S.
1102 2572 1163 2608 16.
1197 2572 1330 2607 linum
1366 2571 1480 2615 DVS,
1513 2572 1620 2617 quod
1650 2572 1736 2607 sine

83 2626 204 2663 dubio
235 2628 392 2674 lignum
427 2629 632 2675 siynisicat
664 2630 773 2674 (item
792 2629 938 2673 Saxo),
971 2628 1111 2664 lumen
1130 2629 1174 2664 Α.
1239 2629 1300 2664 17.
1333 2632 1371 2664 et
1404 2629 1458 2664 ibi
1493 2639 1638 2664 saxum
1658 2629 1732 2664 AS.

86 2683 146 2719 18.
180 2685 446 2721 volutacione
472 2684 529 2721 82.
606 2687 716 2722 enim
744 2688 825 2730 (n.)
858 2685 1010 2721 addidi.
1082 2689 1224 2721 mouet
1252 2686 1334 2721 DV.
1397 2686 1459 2721 20.
1493 2696 1653 2731 yemem
1681 2687 1733 2725 D;

82 2740 262 2777 hiemem
285 2743 330 2778 V.
395 2743 458 2778 21.
488 2740 798 2789 Inscriplifflzem
832 2742 940 2778 hanc
970 2741 1120 2778 liabent
1145 2743 1178 2778 D
1210 2745 1246 2778 et
1277 2743 1318 2778 in
1352 2753 1479 2787 mal-y.
1499 2743 1551 2787 vg
1583 2753 1660 2778 0111.
1687 2743 1731 2782 S:

83 2796 124 2832 in
169 2798 202 2834 A
248 2799 395 2845 Ieyitur
438 2799 572 2835 rubris
619 2800 778 2836 litteris:
838 2800 934 2835 Viso
990 2800 1040 2834 de
1098 2800 1428 2846 proprietatibus
1484 2802 1521 2835 et
1570 2801 1730 2835 naturis

26 2863 32 2868 ·
82 2855 312 2900 regionum.
362 2857 588 2892 videndum
636 2861 697 2893 est
743 2857 794 2892 de
840 2858 965 2902 gestis
1016 2857 1168 2901 Regum
1222 2860 1262 2892 ct
1308 2857 1547 2902 principum
1595 2860 1634 2892 et
1680 2857 1730 2892 de

81 2911 239 2958 origine
271 2924 429 2949 eorum.
493 2914 675 2950 Ceterum
714 2914 790 2950 hoc
832 2916 955 2949 totum
998 2916 1120 2959 caput
1150 2914 1393 2959 epitomator
1421 2924 1470 2949 ex
1500 2913 1730 2949 Annalibus

83 2966 306 3014 Ryensibus
336 2971 518 3016 sumpsit,
553 2972 622 3017 qui
649 2982 791 3006 rursus
817 2971 857 3006 in
883 2971 1019 3006 multis
1044 2982 1067 3005 (1
1089 2970 1287 3006 Chronico
1307 2970 1516 3006 Lelhrensi
1536 2971 1726 3016 pendent.

82 3035 145 3071 24.
177 3047 225 3072 ex
248 3038 394 3074 Gothis
412 3038 452 3074 S.
513 3039 679 3075 24—25.
707 3039 917 3085 ysydorus
937 3040 978 3074 Α.
1041 3039 1104 3074 25.
1138 3040 1345 3074 ethiaruin
1368 3039 1493 3078 DVA;
1526 3032 1661 3074 01111οΠ
1680 3039 1728 3079 S;

82 3091 151 3136 cfr.
178 3093 324 3130 Isidori
351 3095 504 3140 Origin.
539 3094 602 3131 lib.
627 3095 690 3139 IX,
717 3096 754 3140 2,
776 3096 839 3134 89.
860 3096 913 3131 90
945 3095 1018 3139 (ed.
1051 3095 1199 3142 Μίῃηε,
1235 3096 1307 3132 vol.
1340 3095 1526 3136 LXXXII,
1558 3107 1595 3141 p.
1616 3096 1724 3141 337).

81 3152 271 3193 gotorum
302 3149 354 3200 (et
383 3151 525 3188 deinde
555 3150 698 3200 gothy)
729 3153 769 3189 S.
