2150 3584
70 1182 111 1213 10

70 1544 110 1575 15

68 1979 110 2011 20

68 2340 110 2371 25

69 2701 111 2734 30

276 194 494 223 stNoms
525 194 716 223 AGG0N1s
750 195 852 223 F11.11
886 196 1044 225 Bnssws
1077 195 1288 224 HISTORIA
1323 196 1472 224 REGVM
1507 195 1638 223 menz
1702 184 1776 223 107

942 307 980 368 S

847 416 968 457 CAP.
1006 415 1077 456 IV.

238 487 353 565 Hic
384 522 530 563 filium
565 523 836 576 procreauit,
869 522 941 564 cui
969 522 1068 562 Dan
1104 535 1271 563 nomen
1301 522 1483 572 indidit,
1517 522 1591 575 qui
1623 522 1780 562 Elatus

140 595 212 635 uel
238 595 470 648 Superbus
503 599 568 636 est
600 595 962 646 cognominatus.
1013 594 1130 634 Huic
1163 594 1378 634 successit
1411 594 1455 633 in
1490 605 1626 645 regno
1660 594 1781 634 filius

141 667 311 716 Frothi,
355 668 433 720 qui
471 671 512 708 et
545 667 690 708 Senex
728 667 877 707 dictus
917 671 994 707 est.
1059 667 1166 707 Post
1203 679 1338 721 quem
1374 666 1628 706 Frithleuer
1662 666 1781 706 filius

138 738 262 791 regni
309 740 509 793 suscepit
553 739 874 792 gubernacula.
947 739 1089 780 Cuius
1138 738 1260 779 filius
1307 738 1450 778 extitit
1497 738 1652 778 Frothi
1701 738 1779 778 hin

139 811 398 864 Fritgothae,
431 812 508 866 qui
540 816 583 852 et
614 813 788 864 Largus
819 812 968 852 dictus
999 815 1077 861 est,
1119 824 1171 852 eo
1204 811 1327 864 quod
1360 811 1611 862 largitatem
1646 823 1781 863 super

139 896 323 924 omnem
356 885 595 938 amplexus
634 884 690 925 sit
726 884 955 925 uirtutem.
1020 885 1136 924 Nam
1176 887 1217 924 et
1258 896 1422 923 aurum
1463 886 1504 922 et
1542 886 1778 934 argentum

138 956 264 996 uelut
304 957 450 997 lutum
489 957 740 1010 reputabat.
803 956 886 998 Cui
929 956 976 997 in
1023 968 1160 1008 regno
1208 955 1426 996 successit
1472 955 1593 995 filius
1635 954 1779 1006 Ingild

137 1028 335 1069 nomine.
397 1030 505 1069 Post
536 1029 666 1069 cuius
697 1033 904 1082 tempora
936 1030 1072 1081 longo
1104 1029 1354 1069 multorum
1389 1040 1617 1068 annorum
1650 1027 1780 1067 inter-

137 1101 260 1141 uallo
306 1101 388 1141 filii
436 1101 642 1154 patribus
680 1101 726 1141 in
768 1113 907 1154 regno
950 1115 1041 1142 non
1084 1104 1415 1152 successerunt,
1462 1100 1539 1140 sed
1579 1103 1780 1152 nepotes,

137 1173 275 1213 altera
316 1177 442 1226 parte
479 1178 632 1215 tamen
670 1174 808 1227 regali
849 1174 987 1227 stirpe
1025 1173 1145 1214 editi.
1209 1173 1293 1214 Cui
1325 1172 1532 1226 proxime
1565 1171 1781 1212 successit

137 1244 293 1286 Olaus.
343 1245 429 1286 Hic
459 1259 620 1287 omnes
653 1246 1027 1287 circumiacentes
1060 1245 1266 1298 regiones
1296 1250 1478 1286 strenue
1504 1244 1780 1296 subiugauit,

136 1317 250 1357 adeo
289 1317 439 1370 etiam,
487 1323 534 1359 ut
577 1319 693 1359 ultra
734 1319 1001 1359 Danubium
1041 1323 1213 1372 septem
1260 1318 1404 1359 dietas
1449 1317 1780 1370 triumphando

136 1382 379 1443 perageret.
427 1391 596 1432 Verum
621 1404 677 1432 ne
701 1391 910 1432 fabulose
936 1392 1009 1431 uel
1033 1391 1314 1432 mendaciter
1345 1401 1503 1443 regum
1535 1390 1781 1441 redarguar

135 1466 343 1516 tempora
383 1463 665 1511 continuare,
712 1476 828 1517 quos
867 1467 1020 1504 tamen
1061 1464 1185 1504 haud
1229 1463 1410 1504 modico
1443 1463 1610 1502 distare
1643 1461 1780 1501 didici

135 1539 396 1589 temporum
424 1536 678 1587 interstitio,
711 1549 816 1577 cum
849 1549 941 1576 non
975 1536 1154 1589 pigritia
1184 1549 1346 1576 uerum
1372 1535 1524 1589 potius
1548 1532 1782 1574 referentis

136 1607 290 1661 inopia
323 1609 492 1649 multos
524 1609 721 1649 illustres
752 1608 1116 1660 transcurrerim,
1163 1608 1366 1660 diligenti
1406 1608 1614 1661 relinquo
1656 1605 1781 1646 inda-

135 1681 337 1732 gandum
376 1681 642 1732 successori,
689 1685 749 1730 ut,
797 1682 920 1735 quod
961 1695 1013 1721 ex
1052 1681 1209 1735 eclipsi
1249 1679 1505 1734 pretermisi
1546 1677 1780 1729 memorie,

136 1752 356 1794 sollicitus
387 1753 685 1807 inuestigator
716 1754 938 1808 suppleat.

221 1899 330 1939 Post
355 1899 440 1939 hec
458 1899 702 1949 Siwardus,
735 1899 858 1939 filius
879 1899 1067 1952 Regneri
1087 1899 1355 1950 Lothbroki,
1387 1909 1578 1950 regnum
1611 1896 1780 1936 inuasit

137 1970 286 2021 Dacie,
310 1971 651 2025 commissoque
673 1985 780 2013 cum
804 1983 907 2024 rege
931 1971 1074 2025 prelio
1099 1983 1249 2024 regem
1275 1970 1498 2011 interfecit
1523 1973 1565 2009 et
1589 1980 1777 2020 regnum

136 2043 344 2084 obtinuit.
392 2043 483 2094 Qui
514 2045 624 2084 dum
658 2055 797 2096 regno
831 2044 1051 2097 potiretur
1075 2043 1348 2098 conquisito,
1380 2042 1497 2094 regis
1522 2040 1779 2094 interempti

135 2115 278 2156 filiam
310 2117 444 2157 thoro
476 2116 563 2156 sibi
596 2116 802 2157 sociauit.
865 2117 1017 2167 Quam
1054 2117 1165 2156 dum
1198 2129 1325 2156 more
1358 2114 1585 2167 coniugali
1618 2125 1780 2166 cogno-

135 2187 288 2240 uisset,
333 2188 450 2241 regis
489 2188 804 2230 sciscitabatur
836 2189 944 2240 filia,
991 2201 1082 2243 quo
1124 2188 1311 2229 nomine
1352 2188 1503 2241 proles
1544 2199 1779 2240 nuncupa-

135 2264 270 2302 retur.
321 2260 405 2302 Cui
436 2262 719 2315 respondens
752 2261 931 2301 monuit
963 2275 1052 2314 rex,
1085 2265 1134 2301 ut
1165 2264 1268 2314 post
1299 2264 1480 2314 partum
1513 2259 1683 2311 cinguli
1708 2259 1777 2299 sui

135 2347 312 2374 memor
336 2334 527 2386 genitrix
552 2334 771 2374 existeret.
819 2334 919 2384 Que
951 2334 1062 2374 dum
1090 2337 1247 2386 partus
1275 2337 1455 2385 tempus
1481 2331 1778 2384 impleuisset,

136 2406 243 2447 nodi
285 2406 494 2446 alludens
536 2407 765 2446 uocabulo
800 2407 1034 2446 Kanutum
1075 2402 1339 2459 appellauit,
1386 2406 1541 2456 utpote
1580 2404 1702 2457 quod
1742 2403 1778 2443 is

135 2477 312 2531 primus
352 2478 400 2518 in
433 2478 573 2518 Dacia
616 2479 704 2519 hoc
743 2478 930 2519 nomine
968 2478 1152 2518 functus
1195 2480 1322 2518 esset.
1387 2476 1472 2516 Hic
1513 2476 1638 2518 solus
1677 2481 1780 2529 post

138 2550 307 2601 Frothi,
354 2550 485 2591 cuius
525 2564 663 2604 supra
703 2550 1015 2597 meminimus,
1062 2550 1200 2602 regali
1243 2549 1384 2590 extitit
1423 2548 1646 2589 oriundus
1679 2562 1778 2602 pro-

137 2622 275 2675 sapia.
325 2623 376 2662 In
409 2623 540 2663 cuius
572 2623 765 2676 pueritia
792 2623 1052 2675 Ennignup,
1087 2621 1397 2663 Sialandensis
1424 2621 1592 2672 bondo,
1625 2625 1778 2661 custos

135 2694 260 2746 regni
312 2695 396 2735 fuit
448 2695 734 2736 constitutus.
826 2696 882 2736 Ut
935 2699 1088 2735 autem
1139 2694 1300 2747 prefati
1349 2694 1515 2734 Kanuti
1562 2693 1778 2733 iuuentus

135 2766 349 2819 adoleuit,
394 2767 521 2820 regni
562 2771 790 2821 sceptrum
822 2767 1009 2821 recepit.
1073 2767 1293 2808 Successu
1330 2770 1590 2820 temporum
1630 2765 1777 2805 filium

142 2994 200 3030 13.
233 2995 537 3042 thumphando.
630 2997 691 3032 16.
723 2995 940 3031 institutio.
1026 2996 1087 3031 19.
1119 2995 1289 3031 scilicet.
1379 2995 1654 3040 inuestigator
1683 2993 1777 3042 (pro

136 3049 242 3100 452).
304 3053 368 3089 24.
392 3053 510 3100 plebs
534 3051 630 3102 (pro
655 3051 772 3101 ffiles).
848 3052 910 3088 26.
940 3056 1085 3099 partus
1109 3056 1275 3099 tempus
1302 3052 1428 3099 impl„
1459 3051 1529 3098 cfr.
1546 3051 1640 3087 Luc.
1661 3052 1695 3096 1,
1715 3050 1774 3086 57.
