2150 3584
568 181 862 210 COMPENDWM
896 180 1093 209 SAXOle.
1144 182 1225 210 ΗΒ.
1259 182 1300 209 xi
1671 173 1750 211 377

111 296 421 338 Haraldum
454 294 658 335 desidem
692 298 733 335 et
756 294 966 343 inertem3
1001 295 1144 334 voluit
1168 295 1288 335 enim
1318 297 1531 348 pestilens
1556 297 1752 349 populus

110 369 253 422 magis
285 368 386 409 ocio
412 380 573 409 vacare
599 367 685 407 sub
713 367 915 407 Haraldo
941 379 1079 419 quam
1114 380 1319 408 exercere
1347 369 1584 420 probitatis
1616 382 1751 422 opera

108 441 194 483 sub
221 441 415 488 Kanuto,
448 440 658 480 colorans
691 439 920 480 maliciam
956 452 1087 479 suam
1122 452 1200 492 per
1233 440 1333 491 hoc,
1366 442 1487 493 quod
1524 441 1753 481 Haraldus

109 513 256 554 maior
287 516 395 554 natu
433 516 538 553 erat.
611 512 704 552 Soli
737 511 1006 552 Scanienses
1039 512 1310 564 probitatem
1348 513 1513 552 Kanuti
1547 518 1753 553 amantes

108 586 204 627 eius
222 585 482 626 dominium
500 584 788 625 affectabant.
839 583 1063 624 Conuenit
1087 583 1222 635 igitur
1240 595 1427 635 regnum
1451 586 1571 637 apud
1594 586 1752 636 Ysoor,
1779 596 1797 624 5

107 658 183 699 vbi
224 658 281 698 ad
321 657 556 712 quandam
600 669 788 697 arenam
830 655 990 696 classis
1023 656 1183 696 Scanie
1216 669 1319 696 cum
1356 657 1537 698 Kanuto
1570 662 1663 698 erat
1694 659 1749 697 ad

107 731 342 781 orientem,
375 729 548 783 reliqua
575 741 682 782 pars
707 728 831 781 regni
863 741 967 769 cum
998 728 1199 769 Haraldo
1232 730 1289 769 ad
1323 729 1618 770 occidentem.
1667 729 1751 769 Vbi

110 803 339 844 Haraldus
366 801 614 855 complices
638 814 747 842 suos
779 801 1005 841 allocutus
1028 800 1142 841 dixit
1165 800 1410 841 ridiculum
1445 815 1554 854 esse,
1588 802 1623 842 si
1657 802 1752 855 ipse

108 878 470 929 postponeretur,
510 873 588 927 qui
621 877 738 914 esset
769 873 916 914 maior
947 876 1072 925 natu,
1116 873 1293 914 minore
1326 874 1542 923 exalta103
1588 874 1751 914 deinde

107 947 272 989 melius
311 945 474 987 incolis
505 958 603 986 esse
641 945 688 986 in
730 958 841 999 pace
873 931 1061 999 (viuere)
1093 958 1233 999 quam
1267 946 1397 987 bellis
1429 946 1590 997 iugiter
1622 960 1752 987 occu·
1780 958 1820 988 10

107 1019 226 1074 pari;
253 1018 463 1073 promisit
480 1018 626 1059 eciam
644 1017 810 1071 impias
828 1018 945 1069 leges
971 1018 1190 1070 abrogare
1208 1031 1261 1059 ac
1279 1018 1479 1071 placidas
1497 1020 1750 1059 secundum

105 1093 311 1134 fauorem
359 1090 518 1144 populi
565 1090 709 1131 editas
760 1091 1063 1143 promulgare.
1141 1090 1320 1141 Quibus
1366 1091 1752 1144 promissionibus

105 1164 364 1218 imperitam
412 1162 754 1204 multitudinem
797 1162 884 1203 sibi
916 1162 1183 1203 deuinciens
1223 1164 1403 1204 Kanuto
1444 1176 1522 1216 per
1554 1164 1750 1215 legatum

106 1236 358 1290 mandauit,
397 1249 454 1277 ne
485 1247 677 1288 regnum
710 1235 862 1276 minor
892 1239 1003 1276 natu
1035 1235 1222 1287 ambiat,
1262 1248 1376 1276 neue
1418 1248 1575 1288 pacem
1610 1236 1752 1289 patrie

104 1309 329 1351 intestinis
354 1308 486 1350 bellis
510 1309 726 1360 destruat,
758 1307 962 1348 adiciens
989 1307 1154 1360 minas,
1188 1308 1224 1349 si
1251 1320 1383 1349 secus
1410 1319 1539 1360 agere
1564 1312 1752 1362 attemp-
1779 1320 1819 1350 15

103 1386 228 1423 taret.
290 1381 461 1423 Videns
506 1384 660 1422 autem
694 1381 902 1421 Kanutus
948 1392 1141 1433 regnum
1188 1394 1213 1421 a
1257 1393 1302 1421 se
1344 1393 1575 1433 auersum,
1622 1381 1752 1422 cuius

105 1455 317 1496 defensor
347 1454 507 1506 fuerat,
540 1466 645 1494 cum
677 1453 823 1493 tribus
846 1453 1033 1505 'magnis
1065 1453 1265 1494 nauibus
1296 1453 1343 1493 in
1369 1453 1579 1494 Scaniam
1607 1454 1751 1506 rediit,

105 1540 159 1569 ac
201 1527 387 1568 vlterius
434 1527 480 1567 in
521 1526 742 1568 Sweciam
785 1525 916 1580 quasi
958 1525 1177 1577 fugitiuus
1216 1526 1448 1577 transiuit3
1495 1539 1602 1566 nam
1645 1539 1749 1567 cum

107 1600 337 1641 Haraldus
369 1600 409 1641 ei
441 1599 662 1640 nuncium
696 1598 905 1651 mitteret,
940 1602 982 1639 vt
1008 1598 1174 1639 rediret
1204 1603 1426 1653 tanquam
1449 1598 1601 1639 socius
1626 1600 1751 1651 regni

104 1672 300 1724 futurus,
347 1671 493 1713 noluit
540 1671 578 1712 ei
611 1671 807 1721 credere,
853 1673 985 1711 cuius
1025 1671 1117 1711 iam
1160 1671 1310 1712 minas
1342 1671 1488 1712 fuerat
1528 1676 1751 1724 expertus.
1780 1683 1822 1713 20

106 1745 336 1786 Haraldus
375 1749 529 1785 autem
561 1743 736 1785 curiam
770 1756 849 1796 per
880 1747 983 1784 octo
1022 1743 1118 1784 dies
1150 1748 1309 1785 tenens
1341 1744 1485 1796 legem
1518 1744 1670 1791 edidit,
1711 1748 1755 1783 vt

107 1830 211 1858 reus
242 1821 399 1858 contra
432 1821 631 1858 actorem
664 1817 759 1868 lege
790 1816 860 1857 vel
892 1816 1151 1857 iuramento
1184 1829 1230 1857 se
1261 1816 1377 1857 tueri
1405 1820 1565 1869 posset,
1598 1829 1755 1870 quam-

107 1890 178 1931 uis
210 1890 337 1944 prius
369 1890 440 1930 lex
471 1889 618 1941 fuerit,
663 1891 711 1930 vt
747 1902 852 1929 reus
891 1888 1082 1929 testibus
1115 1888 1355 1929 conuictus
1388 1901 1567 1942 semper
1598 1889 1755 1942 damp-

107 1963 288 2003 nandus
315 1967 450 2013 esset;
483 1975 623 2017 quam
649 1962 808 2014 legem,
840 1974 999 2015 ymmo
1028 1961 1288 2014 pestiferam
1316 1961 1602 2012 abusionem,
1636 1961 1753 2002 Dani

107 2035 261 2076 adhuc
284 2039 379 2076 tam
403 2035 593 2075 firmiter
619 2038 786 2086 tenent,
811 2038 857 2075 vt
884 2033 1010 2087 prius
1038 2033 1128 2074 vita
1152 2046 1292 2087 quam
1317 2046 1368 2074 ea
1397 2046 1549 2074 carere
1575 2034 1752 2074 vellent.
1780 2046 1822 2076 25

108 2108 315 2149 Preterea
341 2108 570 2148 Haraldus
597 2108 891 2148 solummodo
924 2107 1013 2147 hoc
1037 2106 1213 2147 bonum
1237 2106 1413 2159 habuit,
1445 2107 1567 2160 quod
1594 2106 1753 2146 diuino

107 2179 261 2221 officio
307 2180 510 2221 intentus
555 2180 661 2231 fuit3
711 2180 789 2220 sed
836 2179 921 2220 sub
968 2192 1021 2220 eo
1069 2179 1239 2219 scelera
1285 2178 1512 2232 impunita
1557 2178 1754 2231 fuerunt,

108 2252 287 2306 egitque
318 2253 633 2307 vnusquisque
664 2252 868 2306 impune,
911 2252 1035 2306 quod
1067 2251 1259 2292 volebat.
1321 2251 1479 2291 Talem
1512 2250 1751 2291 dominum

109 2325 228 2366 Dani
260 2326 429 2366 habere
460 2325 694 2366 volebant!
729 2325 780 2365 In
813 2324 940 2364 nullo
973 2323 1108 2376 igitur
1139 2322 1254 2375 regis
1286 2323 1491 2364 officium
1525 2326 1753 2375 executus,

108 2410 213 2438 cum
246 2398 429 2438 duobus
460 2397 594 2438 annis
625 2397 880 2451 prefuisset,
913 2396 1157 2437 defunctus
1188 2400 1266 2437 est.
1779 2408 1821 2439 30

199 2542 231 2577 1.
264 2541 494 2577 Haraldum
523 2552 602 2578 om.
631 2541 670 2577 S.
734 2541 840 2577 1—2.
873 2541 944 2576 sed
974 2541 1020 2577 H.
1050 2540 1087 2576 d.
1121 2543 1160 2575 et
1183 2540 1357 2575 inertem
1384 2539 1532 2586 petiuit
1555 2539 1753 2586 pestilens

109 2609 217 2645 pop.‚
262 2598 361 2645 quia
403 2599 536 2635 voluit
574 2599 704 2645 magis
744 2599 837 2634 ocio
885 2609 1033 2633 vacare
1073 2598 1116 2633 A.
1210 2598 1272 2635 10.
1314 2596 1456 2633 viuere
1500 2595 1576 2645 (vel
1619 2594 1755 2643 agere)

108 2652 260 2693 addidi.
336 2657 398 2693 11.
433 2656 620 2703 placidas
651 2655 794 2702 scripsi
830 2654 1023 2704 (blandas
1056 2654 1327 2701 placidasque
1359 2665 1436 2700 pro
1469 2664 1613 2690 eorum
1647 2653 1754 2688 arbi-

109 2712 188 2748 trio
214 2711 353 2760 Saxo);
387 2713 562 2759 placitas
585 2713 697 2748 codd.
763 2713 823 2748 13.
855 2712 935 2747 sibi
965 2711 1112 2747 multit.
1138 2711 1176 2746 S.
1253 2711 1496 2747 deuinciens
1524 2710 1753 2756 Lanyebek3

109 2769 337 2806 deuincens
369 2770 479 2806 codd.
557 2771 767 2806 Kanutum
798 2769 837 2805 S.
903 2769 964 2805 14.
989 2779 1104 2806 neue
1136 2767 1261 2812 Sasco;
1293 2778 1344 2804 ne
1368 2767 1481 2804 codd.
1548 2768 1608 2803 15.
1640 2767 1754 2803 addi-

109 2826 223 2863 ciens
255 2827 378 2872 codd,
411 2827 480 2862 sed
511 2827 552 2863 in
585 2827 612 2863 S
644 2828 879 2862 correctum.
954 2825 1217 2871 attemptauit
1242 2826 1284 2860 A.
1350 2825 1411 2861 18.
1445 2824 1644 2870 fugitiuus
1678 2824 1752 2861 AS.

110 2884 175 2920 21.
218 2898 242 2931 p
281 2885 329 2920 .8.
368 2884 456 2920 dies
497 2885 580 2920 DV.
671 2884 733 2919 22.
781 2883 914 2929 possit
959 2883 1085 2927 codd„
1133 2882 1299 2918 correxi.
1392 2882 1454 2917 23.
1500 2882 1636 2917 fuerat
1674 2881 1750 2917 AS.

110 2940 243 2976 victus
276 2941 322 2978 D.
415 2942 478 2977 24.
516 2941 645 2976 immo
678 2941 722 2976 V.
811 2939 1058 2975 abusionem
1100 2950 1177 2974 om.
1211 2939 1250 2983 S,
1296 2939 1363 2975 sed
1395 2939 1435 2974 in
1471 2949 1601 2984 mat-9.
1635 2937 1754 2973 habel

109 2999 268 3034 notam:
301 2997 673 3042 Quedam‘abusio.
736 2997 798 3032 25.
824 2999 906 3032 tam
932 3007 1008 3032 om.
1028 2997 1072 3031 V.
1136 2996 1199 3031 28.
1222 2996 1394 3042 impune
1411 2996 1498 3040 VA3
1530 2995 1656 3041 impie
1676 2995 1752 3032 DS.

111 3054 224 3100 quod
265 3055 388 3099 DVS;
433 3055 626 3101 quitquid
659 3055 703 3090 A.
793 3053 873 3089 tale
912 3053 1144 3088 dominium
1186 3053 1213 3088 S
1244 3052 1492 3101 (dominium
1536 3052 1661 3088 eciam
1694 3050 1753 3100 A).

111 3111 175 3148 29.
208 3111 315 3148 Dani
347 3122 426 3148 om.
460 3112 502 3147 A.
579 3114 781 3158 exequtus
813 3111 862 3156 V;
896 3113 1116 3147 exsecutus
1149 3110 1189 3147 S.
