2150 3584
541 210 834 244 coMrEvam
870 214 1068 243 SAxoNJs.
1118 215 1200 243 Lm.
1235 215 1261 242 v
1642 205 1723 244 273

76 332 231 385 sicque
279 331 322 370 in
375 329 568 369 Daniam
617 340 832 381 prospere
875 340 979 368 cum
1022 328 1201 368 Aluilda
1252 333 1571 381 peruenerunt,
1618 342 1721 369 cum

76 416 166 458 qua
200 403 372 443 Frotho
405 401 555 441 statim
591 400 783 453 nupcias
817 400 931 440 secit.

163 475 236 516 IX.
299 475 407 514 Post
438 474 527 514 hoc
559 472 781 512 Frothoni
816 472 1085 512 nunciatum
1119 476 1198 523 est,
1245 474 1367 525 quod
1403 473 1524 513 Slaui
1567 486 1725 514 versus

77 547 274 589 Daniam
322 545 602 599 irrupissent.
684 544 845 584 Ericus
895 548 1051 584 contra
1100 558 1176 585 eos
1224 557 1327 585 cum
1377 550 1478 585 octo
1528 546 1726 586 nauibus

78 620 245 661 missus
276 618 495 659 intellexit
521 617 684 657 Slauos
716 621 887 670 septem
923 630 1065 657 naues
1098 617 1278 657 hahere.
1329 618 1467 669 Igitur
1499 630 1603 657 cum
1637 631 1723 657 vna
1753 626 1771 655 5

75 696 252 733 tantum
302 703 459 730 versus
506 690 667 730 Slauos
707 688 938 736 transiuit;
986 689 1184 743 reliquas
1232 689 1333 729 fecit
1374 693 1632 742 exspectare
1674 703 1726 730 ac

76 764 215 805 ramis
253 763 471 803 arborum
513 761 644 813 cingi.
708 761 833 801 Slaui
873 765 1025 801 autem
1060 774 1163 801 eum
1199 761 1402 802 videntes
1435 774 1537 801 cum
1573 763 1723 815 ipsum

76 835 253 890 insequi
300 835 547 888 cepissent,
594 834 650 874 ad
698 833 812 873 alias
859 846 1002 874 naues
1048 833 1201 885 fugere
1248 834 1386 886 cepit;
1434 833 1558 874 Slaui
1606 848 1725 883 vero,

76 909 309 949 credentes
357 910 540 960 propter
585 919 739 946 ramos
786 919 930 946 naues
979 906 1099 945 Erici
1147 918 1243 947 esse
1290 907 1469 957 rubeta,
1522 907 1724 960 inseque-

77 981 256 1031 bantur,
303 992 544 1032 quousque
586 978 701 1018 inter
739 991 882 1018 naues
921 978 1017 1018 eius
1056 978 1276 1030 venirent,
1323 979 1478 1032 sicque
1518 979 1668 1019 subito
1701 993 1724 1019 a
1755 986 1795 1016 10

79 1053 221 1093 Danis
267 1051 404 1092 occisi
451 1051 518 1091 vel
568 1050 687 1103 capti
734 1050 930 1091 fuerunt.
1022 1051 1196 1091 Interea
1246 1051 1418 1091 Frotho
1476 1051 1725 1091 maximam

76 1125 269 1165 classem
308 1136 466 1164 versus
506 1123 708 1164 Slauiam
752 1127 1007 1176 parauerat,
1055 1135 1160 1163 cum
1196 1123 1356 1162 Ericus
1396 1123 1575 1163 rediens
1615 1123 1727 1163 dixit

78 1210 123 1237 se
161 1198 216 1237 de
250 1196 397 1237 Slauis
430 1195 778 1236 occurrentibus
815 1194 1147 1248 triumphasse;
1195 1195 1518 1249 consuluitque
1552 1196 1726 1242 Ericus,

77 1273 123 1310 vt
159 1268 421 1309 Jutensium
471 1267 694 1307 exercitus
737 1281 815 1320 per
857 1272 1022 1307 terram
1064 1280 1222 1308 versus
1261 1268 1464 1308 Slauiam
1502 1269 1726 1320 transiret,

76 1341 279 1395 reliquus
311 1353 417 1381 vero
450 1340 673 1380 exercitus
705 1353 785 1393 per
817 1353 943 1380 mare
978 1340 1221 1380 festinaret.
1285 1340 1454 1380 Classis
1487 1344 1582 1380 erat
1612 1341 1726 1380 adeo
1757 1349 1795 1379 15

78 1425 262 1465 magna,
311 1416 356 1453 vt
404 1425 529 1452 mare
575 1413 798 1465 repletum
845 1412 1093 1463 videretur,
1141 1425 1225 1453 nec
1271 1412 1436 1465 aliquis
1483 1416 1642 1465 portus
1689 1413 1727 1452 ei

78 1485 305 1526 sufficeret
351 1485 592 1538 capiende;
650 1485 871 1526 terrestris
917 1497 1023 1525 vero
1073 1485 1296 1525 exercitus
1342 1489 1434 1525 tam
1483 1484 1727 1524 abundans

77 1562 184 1609 erat,
216 1561 261 1597 vt
293 1561 471 1597 montes
505 1558 800 1610 complanare
833 1557 1116 1610 paludesque
1150 1557 1368 1597 meabiles
1401 1557 1548 1597 facere
1579 1558 1728 1597 crede-

78 1634 211 1671 retur.
274 1629 414 1681 Igitur
457 1630 724 1682 StrumicuS,
773 1630 1017 1670 Slauorum
1065 1642 1156 1680 rex,
1204 1630 1387 1669 territus
1433 1643 1513 1682 per
1558 1630 1728 1681 legatos

78 1702 183 1743 belli
229 1701 439 1742 inducias
487 1702 668 1754 petiuit3
716 1715 831 1756 quas
881 1702 1051 1742 Frotho
1099 1702 1304 1753 negauit,
1351 1702 1509 1742 dicens
1556 1714 1602 1741 se
1649 1714 1728 1754 per
1754 1713 1796 1742 20

79 1775 240 1815 Slauos
280 1775 335 1814 ad
380 1774 552 1814 bellum
593 1778 919 1827 prouocatum3
968 1774 1123 1827 sicque
1166 1784 1405 1825 aggressus
1446 1774 1726 1814 Strumicum

78 1859 183 1887 cum
222 1846 482 1887 fortissimis
521 1847 665 1898 gentis
710 1860 790 1887 sue
822 1846 1058 1897 interfecit,
1106 1846 1265 1886 ceteris
1298 1846 1563 1897 subiugatis.
1629 1847 1727 1886 Hoc

80 1918 162 1959 fuit
207 1918 408 1971 primum
457 1919 643 1970 bellum,
690 1921 813 1973 quod
864 1919 1034 1958 Frotho
1082 1918 1380 1971 personaliter
1427 1918 1527 1970 egit.
1597 1918 1728 1959 Tunc

81 1991 249 2031 Frotho
282 1990 548 2031 conuocatis
581 1991 729 2031 Slauis
762 2005 841 2044 per
873 2003 1119 2044 preconem
1152 1990 1302 2041 edixit,
1342 1994 1400 2041 vt,
1433 1991 1469 2030 si
1501 1991 1580 2044 qui
1612 1991 1728 2031 inter

79 2075 156 2103 eos
201 2062 373 2115 rapinis
420 2067 497 2103 aut
545 2063 675 2103 furtis
722 2068 800 2103 aut
848 2064 1075 2103 malarum
1122 2063 1298 2102 arcium
1349 2063 1510 2102 studiis
1557 2063 1726 2103 assueti
1753 2075 1794 2105 25

79 2139 241 2184 essent,
274 2135 415 2175 cicius
448 2135 695 2188 prodirent,
728 2136 884 2176 dicens
918 2149 964 2176 se
996 2136 1109 2176 velle
1143 2148 1220 2175 eos
1252 2134 1430 2186 magnis
1458 2135 1727 2175 muneribus

80 2208 319 2247 honorare.
408 2208 511 2258 Quo
559 2207 715 2247 audito
763 2221 808 2247 se
856 2207 979 2260 ipsos
1027 2207 1348 2260 prodiderunt,
1411 2220 1527 2261 quos
1575 2208 1725 2247 statim

82 2279 252 2319 Frotho
285 2279 388 2319 fecit
419 2293 498 2332 per
529 2280 739 2332 proprios
772 2293 930 2320 eorum
964 2279 1088 2319 ciues
1128 2279 1347 2319 altissime
1388 2279 1620 2332 suspendi,
1667 2280 1726 2319 ita

81 2352 204 2404 quod
237 2351 327 2391 fere
360 2355 501 2392 totam
535 2352 766 2392 Slauicam
799 2357 976 2403 gentem
1011 2352 1100 2391 hoc
1132 2352 1271 2391 modo
1305 2351 1505 2391 extinxit.

170 2496 276 2531 1—2.
308 2506 403 2531 cum
437 2507 518 2542 qua
552 2499 599 2532 st.
635 2506 732 2541 nup.
767 2495 838 2531 fec.
870 2494 931 2543 (82
967 2495 1039 2531 see.
1074 2496 1189 2541 nup.)
1224 2496 1286 2531 Fr.
1314 2495 1390 2531 AS.
1453 2496 1487 2531 3.
1521 2495 1618 2531 Post
1651 2496 1728 2531 hec

83 2552 110 2587 S
140 2550 288 2600 (sacco).
363 2563 530 2588 versum
565 2554 598 2588 V
638 2552 746 2601 (item
792 2550 840 2599 6).
918 2554 952 2588 4.
995 2552 1247 2598 irrupissent
1286 2552 1430 2597 scripsi
1467 2563 1516 2587 ex
1550 2552 1729 2594 Sc1.r011e;

82 2611 319 2655 erupissent
350 2610 460 2646 codd.
534 2610 713 2645 nauibus
743 2620 820 2645 om.
847 2611 889 2645 A.
953 2609 987 2645 6.
1019 2610 1252 2645 transmisit
1276 2610 1322 2647 A.
1389 2610 1449 2645 11.
1485 2610 1548 2645 vel
1581 2620 1657 2644 om.
1684 2611 1726 2644 A.

86 2667 146 2702 12.
179 2668 369 2712 Cumque
401 2667 468 2702 Er.
504 2667 542 2702 S.
616 2667 676 2702 13.
710 2666 1028 2712 triliumphasse
1059 2667 1105 2706 V.
1139 2668 1181 2701 11t
1210 2667 1368 2712 soepius
1438 2667 1499 2702 14.
1531 2666 1725 2701 Jutorum

83 2723 158 2760 AS.
217 2724 340 2759 Jutiae
363 2725 574 2769 equitatus
597 2724 717 2759 Samo.
779 2724 837 2759 16.
862 2725 897 2758 ei
925 2722 1158 2768 Lanyebelc3
1183 2723 1242 2758 eis
1265 2722 1377 2758 codd.
1438 2724 1498 2758 17.
1525 2723 1728 2769 capiende

83 2791 161 2817 om.
195 2780 271 2817 AS.
363 2781 616 2817 habundans
648 2782 730 2816 VA.
827 2781 886 2815 19.
919 2780 1133 2815 strunicus
1166 2780 1194 2815 S
1227 2779 1374 2824 (scm-0).
1459 2780 1521 2816 20.
1555 2780 1657 2826 petit
1688 2779 1728 2815 S.

22 2853 28 2858 ·
84 2837 148 2872 22.
189 2837 280 2873 sort.
319 2838 418 2872 viris
458 2847 492 2884 g.
536 2850 565 2873 s.
605 2838 644 2874 S.
735 2838 797 2873 23.
838 2837 918 2882 egit
956 2837 1234 2882 personaliter
1273 2837 1347 2872 AS.
1439 2837 1501 2872 24.
1541 2837 1643 2872 dixit
1682 2838 1726 2872 A.

85 2894 149 2930 25.
183 2897 254 2930 aut
285 2894 461 2930 aliarum
495 2895 589 2930 mal.
621 2906 654 2931 a.
689 2894 726 2930 S.
793 2894 856 2929 26.
892 2894 1112 2939 prodirent
1142 2893 1268 2936 δία-ω
1301 2893 1582 2939 proderentur
1612 2893 1726 2929 codd.

85 2951 148 2986 27.
194 2951 365 2997 plurimi
404 2954 497 2996 post
535 2953 648 2998 ipsos
695 2951 927 2986 addendum
973 2951 1048 2986 vid.
1140 2951 1203 2986 28.
1253 2951 1347 2985 fecit
1390 2953 1481 2996 pos!
1526 2950 1727 2996 suspendi

85 3006 233 3043 liabent
263 3008 338 3044 AS.
401 3009 568 3045 28—29.
600 3009 741 3055 itaque
773 3007 886 3054 quod
919 3008 952 3042 A
982 3006 1172 3056 (itaquod
1205 3007 1317 3053 quod
1352 3007 1392 3049 S,
1422 3007 1491 3042 sed
1522 3018 1621 3043 corr.
1655 3005 1728 3054 Sl).

87 3063 149 3100 29.
184 3064 351 3100 slauiam
384 3065 460 3101 AS.
533 3066 727 3101 exstinxit
760 3065 804 3101 D.
