2150 3584
86 1067 125 1098 10

86 1429 125 1460 15

83 1791 125 1821 20

83 2152 124 2183 25

84 2514 125 2545 30

479 190 697 218 SVENONIS
729 190 922 218 Acconis
955 190 1058 217 F1L11
1093 190 1175 217 Lex
1209 187 1477 216 cpisrnssuffls
1744 177 1798 216 83

957 301 996 363 S

154 410 323 451 illibata
371 410 584 450 durabat:
644 410 730 450 sub
777 409 971 462 imperio
1018 408 1229 448 uidelicet
1277 407 1441 447 ueteris
1490 407 1672 458 Kanuti,
1718 407 1795 461 qui

153 482 261 535 legis
291 482 432 522 extitit
457 482 689 532 conditor3
722 482 803 522 filii
830 494 1013 535 quoque
1039 480 1182 533 ipsius
1203 480 1385 531 Kanuti,
1419 479 1495 532 qui
1522 484 1562 520 et
1580 481 1798 520 Austerus

153 554 248 595 siue
283 554 435 594 Durus
466 558 532 595 est
564 554 928 606 cognominatus,
967 553 1069 593 licet
1100 552 1145 592 in
1179 564 1317 604 regno
1351 552 1465 605 patri
1499 564 1589 591 non
1624 564 1799 592 succes-

153 625 271 676 serit,
318 626 395 666 sed
437 630 641 679 tempore
681 626 947 667 continuato
988 625 1103 679 patri
1146 624 1271 677 regni
1304 624 1612 676 gubernacula
1648 626 1797 664 mode-

153 698 270 739 ranti
302 698 433 752 quasi
466 698 704 738 coadiutor
736 698 947 747 extiterit;
996 697 1146 749 Magni
1188 696 1342 737 itidem
1380 696 1513 745 13oni3
1558 696 1797 744 Suenonis,

152 770 233 811 filii
281 771 483 820 Estreth3
548 771 734 810 Haraldi
787 770 925 820 Hein;
993 770 1177 820 Kanuti,
1233 782 1369 822 quem
1426 769 1469 808 in
1523 768 1796 809 Othoniensi

152 842 340 884 ecclesia
368 842 636 895 martyrium
664 843 927 892 coronauit3
961 842 1112 893 Olaui,
1146 841 1296 882 fratris
1322 841 1488 894 ipsius,
1522 840 1641 880 Erici
1662 841 1797 890 Boni;

151 918 193 954 et
223 918 327 955 ante
359 914 468 954 noni
501 915 617 967 regis
651 914 911 968 imperium,
959 915 1002 955 id
1036 918 1102 954 est
1135 913 1325 965 Nicolai,
1372 926 1462 953 non
1506 917 1571 952 est
1612 913 1795 953 uiolata.

152 987 283 1027 Tunc
325 986 490 1027 etenim
532 986 855 1037 Christiernus,
903 986 1129 1027 Suenonis
1163 985 1300 1030 filius,
1344 985 1619 1026 Thukonem
1655 986 1797 1026 Dokae

151 1062 360 1112 exempto
393 1059 543 1111 gladio
577 1059 851 1113 uulnerauit,
886 1060 1155 1112 primusque
1188 1061 1290 1111 post
1324 1057 1490 1097 Kanuti
1524 1057 1640 1109 regis
1673 1058 1797 1098 satis-

150 1130 394 1171 factionem
428 1131 570 1183 legem
605 1135 881 1172 castrensem
916 1135 959 1172 et
991 1131 1234 1171 militarem
1260 1134 1566 1182 transgressor
1591 1129 1794 1170 uiolauit.

152 1203 254 1254 Quo
301 1203 419 1244 facto
461 1203 637 1244 Nicolai
685 1203 800 1255 regis
847 1204 1059 1257 perplexa
1107 1202 1250 1242 extitit
1295 1202 1530 1242 sententia.
1594 1202 1709 1242 Nam
1756 1207 1796 1242 et

151 1275 275 1328 regni
315 1275 384 1316 sui
417 1275 721 1316 incolumitati
755 1277 842 1316 hoc
875 1275 1108 1316 aduersari
1144 1278 1185 1314 et
1226 1275 1452 1314 uniuersis
1492 1275 1554 1314 rei
1595 1276 1796 1325 cognatis

150 1351 369 1401 tanquam
399 1347 521 1400 regni
554 1348 810 1401 potioribus
843 1347 1123 1389 contrarium
1158 1346 1345 1387 existere
1378 1347 1580 1400 putabat,
1621 1347 1656 1387 si
1689 1360 1792 1387 cum

151 1420 373 1473 probroso
406 1420 764 1473 nuncupationis
799 1420 1040 1471 uocabulo,
1087 1419 1131 1459 id
1166 1423 1231 1459 est
1263 1418 1581 1472 Nithinysorlh,
1622 1432 1647 1460 a
1680 1420 1795 1472 regis

150 1492 275 1532 curia
300 1492 625 1543 eliminaretur,
658 1491 895 1545 presertim
927 1493 1050 1545 quod
1083 1492 1175 1532 duo
1201 1491 1360 1532 fratres
1384 1491 1528 1544 ipsius
1556 1492 1794 1533 existerent

150 1564 447 1605 famosissimi
478 1568 587 1605 tunc
618 1564 837 1617 temporis
870 1564 1086 1618 episcopi,
1126 1565 1320 1604 Ascerus
1353 1563 1576 1615 uidelicet,
1619 1565 1794 1618 primus

151 1637 467 1677 Lundensium
500 1636 888 1690 archiepiscopuS,
920 1640 963 1677 et
995 1637 1160 1688 Sueno,
1193 1636 1436 1689 episcopus
1463 1636 1794 1689 Vigbergensis,

150 1709 316 1763 aliique
363 1710 454 1750 duo
501 1709 704 1762 germani
752 1709 863 1760 eius,
913 1709 1114 1749 Eskillus
1156 1712 1199 1748 et
1244 1709 1380 1760 Aggo,
1428 1712 1468 1749 et
1514 1710 1794 1750 reuerendus

151 1795 308 1822 eorum
338 1782 525 1834 genitor,
558 1781 722 1832 Sueno,
755 1781 878 1821 filius
896 1780 1097 1833 Trugoti,
1130 1780 1208 1834 qui
1234 1780 1329 1820 suis
1361 1781 1646 1834 temporibus
1678 1781 1794 1822 inter

150 1854 393 1907 primarios
424 1853 550 1905 regni
580 1866 791 1907 proceres
822 1853 1089 1894 habebatur.
1140 1852 1198 1892 Hi
1223 1866 1437 1907 namque,
1469 1853 1572 1906 plus
1604 1854 1794 1895 honoris

149 1926 453 1967 incolumitati
485 1939 624 1979 quam
658 1925 815 1966 censui
847 1925 1113 1977 deferentes,
1146 1924 1288 1965 satius
1320 1925 1621 1966 decreuerunt
1653 1940 1794 1980 quan-

149 1998 361 2039 tumlibet
413 2011 605 2039 onerosa
663 1998 831 2038 mulcta
887 2011 969 2051 pro
1026 1997 1275 2037 commisso
1322 1997 1487 2037 delicto
1534 1998 1793 2040 satisfacere

151 2083 288 2123 quam
332 2070 451 2111 fame
491 2084 570 2111 sue
609 2070 853 2110 discrimen
895 2070 1136 2110 incurrere.
1202 2069 1413 2120 Diligenti
1447 2069 1580 2121 igitur
1610 2070 1793 2122 indaga-

148 2142 270 2183 tione
316 2146 650 2196 perscrutantes
701 2143 784 2194 ΒΟ,
840 2142 986 2182 filium
1036 2142 1248 2192 Haethen,
1303 2141 1584 2182 Wandalum
1631 2155 1792 2183 consu-

150 2214 343 2266 luerunt,
391 2228 443 2255 eo
482 2215 604 2268 quod
645 2218 686 2255 et
726 2218 940 2268 prouecte
986 2217 1103 2254 esset
1141 2213 1283 2265 etatis,
1331 2217 1372 2253 et
1413 2214 1576 2254 ueteris
1611 2215 1792 2266 Kanuti,

150 2299 286 2340 quem
327 2287 444 2339 leges
484 2287 593 2327 istas
633 2286 849 2326 militares
889 2285 1149 2326 condidisse
1181 2289 1372 2337 constat,
1420 2285 1550 2326 miles
1589 2286 1791 2338 egregius

150 2359 377 2412 extitisset,
409 2359 628 2399 adhibitis
660 2358 795 2398 etiam
828 2357 929 2397 aliis
962 2357 1234 2408 senioribus,
1269 2357 1347 2410 qui
1379 2362 1500 2409 gesta
1530 2362 1789 2411 temporum

150 2431 367 2471 memorie
415 2431 737 2471 commendare
784 2434 1135 2470 consueuerunt.
1197 2430 1264 2469 Ab
1312 2429 1382 2469 his
1429 2430 1791 2482 sciscitabantur,

151 2515 261 2542 num
301 2502 463 2543 similis
502 2514 714 2543 excessus
752 2502 797 2541 in
839 2501 1005 2541 recenti
1045 2501 1304 2554 cuiuspiam
1347 2502 1521 2542 hereret
1556 2503 1790 2555 memoria,

150 2574 227 2628 qui
259 2575 565 2615 satisfactione
598 2578 749 2614 tamen
783 2577 898 2614 esset
930 2574 1211 2614 emendatus,
1275 2574 1363 2624 Qui
1407 2574 1532 2625 dum,
1578 2579 1790 2615 accurata

150 2646 473 2687 deliberatione
505 2646 724 2699 instituta,
758 2646 936 2685 nullum
969 2646 1104 2685 talem
1138 2658 1374 2686 excessum
1407 2646 1639 2686 reminisci
1672 2650 1791 2699 pote-

150 2722 261 2768 rant,
297 2719 360 2759 Bo
379 2719 634 2759 Wandalus
667 2718 712 2758 in
746 2719 869 2758 hunc
893 2718 1084 2757 modum
1109 2718 1364 2770 respondit:
1401 2718 1540 2758 »Cum
1569 2719 1790 2758 hactenus

152 2978 214 3014 26.
246 2979 439 3015 cunicula
471 2980 587 3026 itaq3.
664 2979 727 3015 33.
762 2978 936 3015 ciscitati
968 2976 1063 3025 (pro
1095 2966 1285 3027 eosctati).
1362 2981 1421 3015 35.
1458 2979 1716 3015 consulendo
1741 2994 1784 3009 z

151 3035 423 3072 consiliando.
501 3037 615 3082 quod
644 3046 722 3082 pro
754 3035 838 3082 quo
870 3037 956 3079 (aut
985 3039 1067 3082 qm)
1100 3037 1152 3072 id.
1244 3037 1378 3074 nimis.

1541 3103 1584 3134 6ss
