2150 3584
227 412 268 442 70

226 840 267 870 75

223 1266 266 1297 80

297 207 380 246 478

636 217 912 247 SCRIPTORES
944 217 1173 246 HISTORIAE
1205 217 1383 247 DANICAE
1414 218 1614 247 MINORES

297 332 502 383 Regnum
536 343 673 384 super
704 343 894 384 regnum
928 331 1030 382 ruit,
1159 331 1311 372 Eheu!
1345 333 1575 385 preclaros
1607 345 1831 386 proceres,
1995 343 2037 375 85

296 407 337 444 et
369 404 457 444 hoc
489 404 664 444 malum
695 404 859 456 vulgus
890 404 994 444 luit:
1159 403 1326 456 insigni
1358 404 1480 444 fama
1513 405 1727 458 celebres,

296 477 419 529 quod
453 475 663 528 plectitur
693 475 757 516 sic
788 477 1002 529 populus,
1118 466 1121 557 J
1159 476 1341 517 clausos
1373 477 1583 517 dolemus
1616 490 1796 519 carcere

294 551 526 588 asseuerat
558 548 877 603 philosophus.
1157 547 1361 589 insontes
1395 549 1522 590 omni
1555 550 1740 591 scelere!

295 685 357 725 Ve
390 685 566 725 mundo
598 697 724 725 nunc
750 686 807 726 ab
833 686 1082 727 scandalis!
1157 685 1327 739 thuid
1359 686 1610 738 obdormis,
1644 687 1855 739 Domine,

294 758 357 798 Ve
389 770 646 811 pauperum
679 758 893 811 piaculis!
1158 762 1200 798 et
1231 758 1479 812 requiescis
1511 759 1569 799 ab
1602 759 1804 812 homine,
1994 772 2038 804 90

295 829 526 883 Quicquid
558 829 651 870 iam
685 830 856 883 plangit
889 831 1052 883 Dania,
1159 830 1217 870 ab
1249 831 1439 871 homine
1471 831 1763 885 prauissimo,

293 902 379 942 leta
411 902 578 954 gaudet
610 902 822 944 Saxonia.
1157 903 1278 944 Jude
1309 907 1438 944 reatu
1470 905 1712 958 proximo?

293 1040 439 1092 Eheu,
472 1040 584 1080 eheu
617 1040 829 1093 perfidia!
1159 1041 1238 1081 Ille
1270 1044 1408 1082 temet
1438 1054 1519 1094 per
1551 1042 1763 1082 osculum

292 1112 405 1152 eheu
438 1116 567 1153 vetus
599 1112 794 1153 inuidia!
1157 1113 1283 1154 dedit
1313 1113 1360 1153 in
1393 1126 1559 1154 manus
1591 1106 1818 1164 hostium;

293 1185 429 1235 Quod
462 1185 541 1225 diu
574 1185 692 1225 clam
726 1185 917 1237 delituit,
1156 1185 1233 1225 hic
1263 1186 1477 1239 deceptos
1509 1186 1741 1240 obsequiis
1995 1200 2038 1233 95

292 1269 417 1297 nunc
448 1257 495 1297 in
528 1257 682 1310 palam
715 1259 940 1311 apparuit.
1156 1257 1335 1299 vinctos
1367 1258 1554 1299 tradidit
1584 1258 1795 1300 inimicis.

292 1383 441 1423 Eheu!
475 1395 601 1435 reges
634 1387 728 1423 tam
761 1384 953 1437 nobiles,
1157 1384 1248 1436 Qui
1281 1385 1363 1425 das
1396 1386 1676 1439 quandoque
1708 1398 1901 1440 propere

290 1455 371 1495 toti
406 1456 580 1496 mundo
614 1456 900 1509 spectabiles,
1156 1457 1294 1509 digna
1326 1457 1460 1498 malis
1492 1471 1575 1511 pro
1608 1458 1791 1509 scelere,

290 1531 445 1581 raptos
477 1528 604 1579 regni
635 1528 830 1581 fastigio,
1156 1530 1213 1570 da
1246 1529 1350 1570 huic
1380 1534 1566 1584 propter
1598 1542 1680 1571 sua
1714 1531 1898 1582 scelera,

291 1603 416 1641 actos
449 1600 614 1641 flemus
647 1601 803 1642 exilio!
1155 1602 1442 1657 christosque
1473 1609 1576 1645 tuos
1609 1603 1770 1644 libera!
1972 1616 2036 1647 100

377 1761 556 1797 69—72.
595 1760 801 1797 Sententia
840 1761 927 1798 hoec
965 1764 1040 1800 est:
1087 1763 1194 1799 Dum
1234 1762 1361 1809 igitur
1401 1772 1575 1809 regnum
1608 1763 1650 1798 in
1682 1772 1857 1809 regnum
1889 1761 1947 1812 (id

290 1819 361 1853 est:
410 1818 608 1865 princeps
641 1818 681 1853 in
716 1817 968 1868 principem)
999 1820 1135 1865 irruit,
1182 1820 1263 1855 hoc
1295 1820 1453 1863 malum
1486 1819 1636 1866 vulgus
1667 1820 1745 1856 luit
1774 1818 1946 1869 (xbader

291 1875 356 1910 for
387 1875 522 1911 denne
550 1874 764 1925 Ulykke«)
793 1898 844 1902 -—
870 1878 930 1912 sie
960 1875 999 1926 (i.
1025 1888 1055 1914 e.
1090 1878 1132 1913 in
1164 1877 1363 1913 eiusmodi
1391 1875 1565 1925 casibus)
1596 1877 1756 1924 scripsi3
1789 1878 1858 1913 hic
1876 1875 1944 1914 Hl.

289 1954 343 1957 ——
390 1932 685 1979 philosophus,
733 1934 756 1970 i.
801 1945 830 1970 e.
876 1933 1083 1980 Horatius,
1128 1937 1247 1981 poeta
1293 1935 1469 1980 sapiens,
1517 1935 1632 1970 cuius
1676 1945 1834 1971 versum
1881 1933 1947 1984 (ex

290 1989 398 2035 epist.
430 1989 458 2034 I,
493 1988 634 2038 2,14):
677 1991 892 2037 Quidquid
925 1991 1106 2028 delirant
1138 2001 1266 2037 reges,
1307 1992 1549 2038 plectuntur
1581 1992 1730 2027 Achiui
1761 1991 1827 2027 hic
1853 1994 1948 2038 post

291 2057 322 2082 ι).
343 2046 392 2082 72
416 2047 463 2082 de
486 2058 572 2091 suo,
606 2050 649 2083 ut
671 2048 828 2094 opinor,
866 2049 1037 2084 inseruit
1057 2049 1279 2085 Pontanus.
1311 2044 1323 2101 Η
1356 2049 1533 2086 73—76.
1558 2049 1610 2084 ab
1638 2049 1848 2085 scandalis
1867 2048 1945 2095 H13

290 2115 311 2139 a
344 2104 486 2140 scand.
522 2104 561 2140 P.
622 2105 694 2140 Est
725 2116 862 2141 versus
893 2116 942 2141 ex
973 2116 1119 2153 euanq.
1153 2105 1293 2142 Mattlz.
1329 2106 1391 2152 18,
1413 2105 1452 2142 7:
1485 2118 1547 2142 vae
1581 2106 1739 2142 mundo
1773 2117 1796 2142 a
1827 2117 1944 2143 scan-

289 2161 405 2197 dalis.
432 2183 486 2187 —
511 2173 558 2197 ve
592 2173 825 2208 pauperum
859 2163 1160 2209 piaculiszve
1186 2162 1448 2209 pauperibus,
1483 2163 1553 2210 qui
1580 2163 1745 2209 piacula
1776 2164 1943 2200 soluent.

289 2239 343 2243 -—-
375 2218 470 2263 iam,
516 2220 624 2265 quod
655 2220 847 2255 omiserat
878 2219 947 2266 Hl,
996 2221 1155 2256 addidit
1185 2219 1253 2256 ΗΞ.
1298 2215 1310 2273 Η
1357 2221 1535 2257 77—80.
1579 2221 1670 2257 Heu
1711 2221 1793 2256 heu
1829 2221 1944 2268 perf.,

290 2275 369 2310 heu
407 2274 474 2320 Hl,
505 2287 607 2312 corr.
643 2275 711 2322 H2,
745 2278 781 2312 et
812 2277 893 2313 iam
926 2288 976 2313 ex
1002 2280 1120 2324 parte
1150 2278 1193 2327 P,
1240 2277 1331 2314 item
1363 2289 1398 2313 v.
1432 2279 1497 2317 81.
1534 2278 1596 2314 85.
1629 2299 1684 2304 --
1715 2279 1943 2324 perfidia..

289 2333 466 2377 inuidia,
526 2333 607 2369 scil.
653 2333 866 2370 Saxonum
915 2335 1112 2371 aduersus
1157 2335 1310 2371 Dauos.
1363 2330 1375 2387 Η
1433 2335 1611 2372 81—84.
1658 2338 1774 2371 actos
1820 2335 1943 2372 exilio

293 2403 336 2420 z
361 2389 552 2426 abductos
586 2391 626 2426 in
660 2391 838 2427 exilium.
881 2387 893 2443 Η
940 2393 1117 2429 85—88.
1158 2392 1345 2428 celebres
1367 2392 1580 2439 :ubique
1611 2395 1736 2428 notos.
1785 2413 1840 2418 —
1885 2393 1944 2428 in-

289 2450 429 2482 sontes
456 2458 547 2483 cum
573 2447 752 2484 ablatiuo
779 2452 823 2484 ut
852 2460 1019 2487 vacuos.
1050 2445 1062 2502 NJ
1094 2450 1273 2486 89ss92.
1303 2450 1455 2496 thuid
1484 2450 1716 2495 obdormis,
1748 2450 1943 2486 domine?

290 2504 351 2539 Ex
384 2504 531 2540 Psalm.
567 2505 627 2550 43,
653 2505 710 2541 93
760 2527 811 2531 —
858 2508 1101 2554 requiescis,
1149 2507 1170 2543 i.
1203 2518 1234 2543 e.
1267 2507 1424 2553 quietus
1455 2506 1630 2543 abstines
1661 2519 1684 2543 a
1713 2507 1940 2553 puniendo3

288 2562 470 2606 quiescis
502 2561 625 2597 scribi
655 2563 781 2598 voluit
812 2562 872 2609 M,·
918 2564 1047 2600 Isaias
1080 2575 1165 2611 cap.
1204 2564 1309 2609 222
1340 2564 1462 2600 habet
1495 2563 1613 2600 verba
1653 2564 1855 2611 quiescite
1890 2564 1942 2600 ab

289 2619 471 2662 homine,
517 2619 585 2654 sed
616 2630 736 2655 sensu
766 2621 891 2666 plane
921 2622 1082 2657 diuerso
1114 2621 1165 2657 ab
1197 2632 1253 2666 eO,
1302 2622 1372 2668 qui
1410 2621 1475 2657 hic
1514 2621 1741 2668 requiritur.
1803 2620 1942 2658 Nihilo

290 2675 437 2720 minus,
478 2676 513 2711 si
552 2687 644 2712 vera
684 2679 741 2712 est
779 2678 993 2724 scriptura,
1035 2679 1146 2714 hunc
1184 2679 1317 2714 Iocum
1358 2678 1577 2725 respexisse
1616 2678 1774 2714 videtur
1802 2680 1945 2714 auctor

289 2734 440 2776 noster,
489 2733 557 2768 sed
600 2734 691 2779 fieri
731 2737 878 2780 potest,
934 2738 977 2771 ut
1020 2736 1145 2771 aliam
1193 2735 1270 2771 Ioci
1314 2735 1623 2782 explicationem
1669 2736 1825 2771 secutus
1870 2735 1941 2780 sit,-

289 2791 459 2824 ceterum
515 2791 682 2836 offendit
732 2791 818 2826 hoec
868 2792 1023 2828 iteratio
1070 2793 1122 2828 ab
1170 2793 1358 2837 homine,
1414 2794 1451 2828 et
1502 2793 1687 2839 suspicor
1735 2794 1939 2828 auctorem

288 2846 512 2891 scripsisse:
575 2850 613 2882 ct
668 2849 898 2894 requiescis
953 2850 1005 2885 ab
1053 2850 1225 2886 homine
1268 2845 1270 2901 l
1313 2848 1615 2898 (abhominort)
1661 2849 1940 2896 nequissimo;

289 2905 429 2937 (uictor
459 2903 723 2941 abominatur
755 2916 871 2941 usum
906 2907 1022 2952 vocis,
1070 2918 1104 2953 q.
1136 2918 1164 2943 e.
1199 2907 1339 2950 homo,
1385 2907 1434 2942 de
1466 2909 1545 2942 tam
1579 2907 1769 2942 scelerato
1802 2906 1897 2942 viro.
1930 2901 1943 2958 Η

290 2960 468 2996 93—96.
519 2961 719 3007 deceptor
766 2961 833 3007 H1‚
882 2974 983 2999 corr.
1028 2964 1068 3000 U.
1118 2985 1173 2989 -—
1219 2962 1839 3010 obsequiis:adulationibus.
1885 2984 1940 2989 —

289 3017 459 3052 tradidit
493 3016 570 3058 II¹;
605 3019 731 3053 tradit
764 3019 814 3064 M,
849 3021 956 3066 quod
985 3020 1114 3066 probo
1143 3022 1312 3067 propter
1343 3032 1511 3056 versum.
1544 3015 1555 3071 Η
1590 3020 1797 3056 97-100,
1830 3020 1940 3065 huic,

290 3073 395 3119 quod
429 3074 496 3109 vix
526 3074 660 3110 abesse
689 3078 833 3123 polest,
869 3077 1019 3114 addidi.
1052 3099 1105 3102 —
1139 3079 1338 3117 christos:
1373 3078 1447 3115 vid.
1481 3078 1545 3118 ad.
1581 3089 1611 3113 υ.
1646 3077 1708 3113 28.
1740 3071 1752 3129 Η
