2150 3584
347 1682 387 1712 10

347 2045 387 2075 15

344 2409 386 2439 20

344 2770 386 2800 25

409 192 464 235 94
750 206 1025 236 SCRIPTORES
1057 207 1284 236 HISTORIAE
1316 208 1492 236 DANICAE
1523 207 1723 236 MINORES

1206 528 1262 587 X

788 701 1129 747 SVENONIS
1167 700 1472 745 AGGOle
1510 700 1667 745 F1L11

725 811 936 852 BREVIS
976 810 1258 852 HISTORIA
1300 810 1505 851 REGVM
1546 809 1739 850 DACIE.

1079 916 1391 952 PROOEMIVM.

507 985 648 1065 Cum
703 1025 910 1062 ueterum
969 1021 1016 1061 in
1072 1020 1309 1061 codicibus
1364 1020 1751 1073 contemplatione
1810 1033 2056 1060 numerosa

411 1094 667 1147 priscorum
709 1097 833 1145 gesta
875 1093 977 1133 stilo
1016 1092 1274 1145 conscripta
1315 1092 1652 1145 elegantissimo
1692 1092 1851 1133 crebro
1888 1092 2057 1145 perspi-

412 1166 569 1218 cabar,
624 1165 801 1206 diurnis
849 1165 1079 1218 suspiraui
1128 1164 1392 1217 gemitibus,
1448 1169 1711 1205 nostrorum
1765 1175 1922 1216 regum
1977 1177 2056 1204 seu

411 1238 671 1292 principum
697 1237 1033 1278 immanissima
1064 1241 1187 1289 gesta
1212 1241 1365 1277 eterno
1391 1237 1600 1290 deputari
1625 1236 1816 1278 silentio.
1860 1237 2055 1290 Quippe,

413 1323 516 1351 cum
560 1314 601 1351 et
640 1310 705 1350 illi
744 1309 982 1350 inferiores
1015 1323 1107 1350 non
1140 1309 1367 1350 extiterint
1398 1309 1570 1349 meritis
1602 1312 1644 1349 et
1676 1309 1896 1348 uirtutum
1930 1321 2057 1362 expe-

411 1383 602 1435 riencia,
666 1382 762 1436 pari
815 1382 1032 1435 preconio
1086 1395 1179 1423 non
1234 1381 1471 1421 extiterunt
1531 1394 1682 1421 eorum
1743 1381 2058 1421 commendate

413 1454 686 1496 excellencie.
775 1455 943 1495 Verum
999 1454 1389 1495 crebrescentibus
1443 1454 1577 1494 malis
1629 1454 1768 1494 huius
1799 1453 1846 1493 in
1897 1453 2056 1493 mundi

414 1527 552 1576 senio,
577 1527 914 1581 quantumlibet
937 1526 1139 1578 diligenti
1159 1526 1409 1566 intentione
1432 1526 1820 1566 commendabilia
1838 1525 2057 1566 memorie

413 1600 515 1654 quis
567 1604 760 1640 conatur
813 1600 1158 1652 commendare,
1219 1598 1559 1639 detractationis
1619 1603 1772 1638 tamen
1827 1598 2056 1638 neuticam

415 1672 661 1713 declinabit
685 1672 993 1725 dispendium.
1043 1671 1131 1711 Diu
1159 1671 1309 1724 itaque
1336 1684 1464 1711 mens
1496 1671 1609 1711 mihi
1640 1671 1810 1711 fluebat
1839 1670 1886 1710 in
1918 1670 2058 1721 biuio,

414 1749 694 1795 utrumnam,
727 1748 883 1784 notam
911 1757 1003 1784 non
1037 1744 1272 1784 declinans
1304 1743 1573 1796 arrogantie,
1607 1743 1708 1784 stilo
1742 1743 1845 1783 licet
1871 1742 2057 1796 illepido

413 1829 570 1870 regum
612 1816 899 1870 genealogias
936 1828 1272 1869 regnorumque
1312 1815 1624 1856 successiones
1664 1816 1749 1855 sub
1781 1814 2056 1869 compendio

413 1889 633 1930 memorie
672 1889 1060 1940 commendarem,
1107 1892 1186 1928 aut
1224 1888 1310 1928 sub
1354 1888 1531 1928 silentio
1574 1892 1736 1928 cuncta
1779 1887 2054 1940 preterii-em.

415 1962 564 2003 Satius
621 1965 765 2001 tamen
821 1961 1121 2001 autumabam
1176 1960 1368 2013 posteris
1415 1960 1603 2012 nostris,
1656 1963 1734 2014 qui
1787 1964 1829 2000 et
1881 1959 2057 2000 uiuacis

413 2033 583 2086 ingenii
621 2034 924 2074 armabuntur
966 2033 1179 2073 acumine
1212 2037 1253 2072 et
1284 2032 1487 2073 doctrine
1521 2033 1680 2073 floride
1712 2032 1843 2086 copia
1875 2030 2060 2072 fecundi

413 2109 548 2155 erunt,
594 2106 781 2159 preuius
813 2106 1082 2158 negligentie
1114 2105 1359 2146 densitates
1391 2109 1640 2158 penetrare,
1683 2105 1786 2146 licet
1824 2117 2058 2158 presump-

412 2179 550 2219 tionis
596 2178 889 2231 dispendium
934 2191 1026 2218 non
1068 2177 1410 2227 declinauerim,
1458 2190 1595 2231 quam
1643 2176 1887 2217 illustrium
1936 2179 2058 2229 gesta

413 2251 674 2304 principum
716 2250 983 2303 negligentie
1023 2250 1320 2291 obfuscentur
1352 2250 1554 2302 caligine.
1619 2249 1718 2301 Sed,
1763 2253 1812 2289 ut
1850 2249 1912 2289 ait
1945 2250 2058 2289 Mar-

412 2324 578 2375 tianus,
615 2336 694 2362 »ne
727 2323 1010 2376 incomperta
1042 2322 1286 2363 falsitatem
1314 2322 1566 2362 admiscere
1592 2322 1802 2362 uideatur
1826 2321 2057 2372 assertio«,

413 2400 454 2436 et
486 2409 542 2436 ne
574 2396 781 2435 fabulose
814 2395 973 2435 uidear
1004 2395 1245 2435 historiam
1279 2407 1503 2446 enarrare,
1536 2398 1760 2447 quantum
1788 2394 1845 2433 ab
1871 2392 2058 2433 annosis

414 2471 454 2508 et
486 2468 714 2508 ueteribus
747 2471 866 2507 certa
899 2467 1022 2507 ualui
1058 2466 1353 2521 inquisitione
1386 2466 1685 2519 percunctari,
1733 2465 2059 2518 compendiose

413 2540 727 2592 perstringam.
778 2540 832 2579 Et
864 2540 970 2593 quia
1003 2553 1095 2580 non
1129 2539 1338 2579 omnium
1372 2551 1528 2589 regum
1559 2551 1641 2591 par
1666 2537 1827 2578 claruit
1853 2537 2058 2588 uictoria,

414 2624 496 2652 nec
529 2612 666 2651 simili
700 2612 964 2652 exultabant
996 2611 1244 2664 triumpho,
1291 2624 1396 2651 cum
1437 2614 1479 2651 et
1510 2610 1635 2662 regni
1666 2610 1796 2650 titulo
1829 2623 1854 2650 a
1887 2623 1933 2650 se
1966 2622 2056 2650 non

413 2684 626 2736 ambigue
683 2684 1012 2736 discreparent,
1075 2697 1272 2737 quorum
1326 2682 1520 2735 insignia
1576 2685 1698 2734 gesta
1744 2683 1844 2723 luce
1891 2681 2058 2722 clarius

414 2742 554 2810 (sum)
580 2756 873 2809 perspicatus,
905 2769 976 2795 eos
1003 2756 1059 2795 ad
1088 2754 1359 2795 memoriam
1386 2754 1589 2795 conabor
1612 2766 1841 2805 reuocare,
1873 2753 2057 2793 illorum

503 2889 535 2923 1.
554 2888 772 2924 Caeterum
796 2886 891 2936 (pro
910 2888 938 2924 C
958 2886 1176 2933 ueterum).
1228 2887 1261 2923 3.
1281 2886 1448 2923 diutius.
1504 2896 1725 2921 numerum
1746 2883 1840 2933 (pro
1858 2882 2058 2933 firorum).

414 2946 448 2981 5.
482 2948 538 2981 et:
579 2945 721 2981 malim
754 2948 864 2981 certe
895 2942 1021 2993 (cae).
1108 2944 1217 2980 6—7.
1251 2944 1393 2980 extitvt
1432 2946 1471 2979 et
1509 2943 1776 2978 commendat
1808 2942 2057 2978 exellendos.

415 3003 436 3037 7
471 3013 527 3048 sq.
572 3002 1149 3044 crebrescentibus..senio,
1195 3000 1265 3046 cfr.
1312 3000 1437 3036 Andr.
1484 2999 1637 3036 Simon.
1686 2999 1728 3035 F.
1778 2999 2057 3035 Heaeae'meron

417 3059 522 3095 1988
554 3070 637 3105 sqq.
702 3060 736 3096 8.
771 3059 858 3095 selo
889 3057 985 3107 (pro
1017 3056 1128 3106 seio).
1189 3057 1284 3093 licet
1316 3058 1386 3094 int.
1419 3056 1756 3093 commendabili.
1823 3057 1885 3093 10.
1920 3066 2056 3102 nanq3.
