2150 3584
348 1030 388 1061 10

350 1392 390 1423 15

351 1753 392 1783 20

354 2115 395 2144 25

357 2477 398 2506 30

409 250 491 290 224
743 259 1017 288 SCRIPTORES
1051 259 1277 287 msrofflAE
1309 259 1486 287 DANICAE
1518 259 1717 288 MINORES

411 388 546 415 suum
586 374 632 414 in
673 374 758 425 via,
804 386 941 424 quam
974 376 1201 426 ceperant,
1247 373 1350 412 tulit
1381 372 1571 424 lignum,
1618 372 1664 412 in
1707 385 1799 427 quo
1841 373 2061 426 protraxit

410 451 674 499 caracteres,
708 449 749 486 et
777 445 963 485 tradidit
983 445 1208 497 Hadingo,
1241 449 1287 485 vt
1319 445 1404 485 sub
1437 445 1590 496 lingua
1625 448 1815 498 poneret
1846 445 2060 486 defuncti.

411 519 501 569 Qui
556 518 785 559 horrenda
842 530 953 558 voce
1008 517 1158 557 statim
1215 517 1430 570 predixit,
1491 530 1580 571 que
1633 517 1696 557 eis
1750 517 1796 557 in
1852 517 2061 570 proximo

411 591 657 631 euenirent.
722 590 917 643 Ingressi
953 593 1103 630 autem
1140 589 1404 642 proximum
1437 602 1601 629 nemus
1634 602 1739 629 curn
1774 589 1860 630 sibi
1891 593 2061 630 tectum

413 664 467 703 de
499 663 640 703 ramis
673 663 892 703 arborum
932 675 1014 715 pro
1056 666 1187 702 nocte
1229 662 1428 702 facerent
1460 661 1614 716 ibique
1646 666 1906 715 pausarent,
1952 661 2066 702 vidit

415 735 653 787 Hadingus
683 748 874 774 manum
900 734 1082 774 insolite
1108 734 1376 786 granditatis
1404 734 1461 773 ad
1488 747 1534 774 se
1559 734 1812 775 intromitti.
1861 734 2065 774 Territus

413 808 565 860 itaque
587 808 868 860 Hargrepam
895 807 941 846 in
974 806 1197 846 auxilium
1232 806 1466 855 excitauit;
1500 810 1544 846 at
1574 806 1650 846 illa
1687 819 1877 847 manum
1909 819 2066 859 appre-

416 881 622 920 hendens
655 879 741 919 sibi
774 879 1137 919 abscindendam
1171 878 1372 931 prebuit;
1415 891 1469 918 ex
1500 879 1632 919 cuius
1663 879 1930 920 vulneribus
1963 879 2066 932 plus

413 952 508 992 tabi
550 965 689 1005 quam
733 951 908 992 cruoris
956 951 1175 991 manauit.
1239 951 1413 991 Eadem
1459 955 1615 992 tamen
1662 955 1808 1003 nocte,
1856 950 2067 1002 Hadingo

416 1024 651 1075 euadente,
700 1024 933 1077 Hargrepa
971 1037 996 1064 a
1036 1023 1314 1064 demonibus
1353 1023 1577 1077 discerpta
1616 1028 1695 1075 est,
1742 1027 1879 1077 prout
1919 1023 2066 1064 dictus

417 1101 626 1137 mortuus
658 1098 747 1137 hoc
779 1096 985 1150 predixit.

501 1170 574 1210 VI.
639 1169 878 1221 Hadingus
919 1169 1055 1220 igitur
1088 1169 1212 1209 solus
1244 1169 1460 1209 incedens
1493 1168 1686 1209 obuium
1718 1168 1881 1209 habuit
1912 1181 2067 1208 senem

416 1243 646 1296 quendam
679 1242 1002 1291 monoculum;
1035 1241 1127 1294 qui,
1160 1241 1415 1281 solitarium
1450 1241 1706 1293 miseratus,
1739 1241 1892 1294 ipsum
1913 1240 2068 1291 Lisero

418 1314 602 1354 cuidam
644 1314 788 1367 pirate
820 1314 1057 1354 insolubili
1090 1313 1298 1354 amicicie
1330 1313 1481 1354 federe
1513 1313 1760 1366 copulauit.
1822 1313 1878 1353 At
1907 1312 1974 1353 illi
2006 1312 2071 1353 sic

418 1387 651 1427 coniuncti
685 1387 876 1438 Lokero,
918 1386 1134 1427 Curetum
1168 1390 1380 1439 tyranno,
1412 1386 1585 1426 bellum
1619 1385 1840 1426 indicunt.
1890 1385 2069 1435 Quibus

419 1460 656 1512 superatis,
704 1459 951 1510 fugientem
989 1458 1252 1510 Hadingum
1293 1458 1413 1498 idem
1456 1471 1594 1498 senex
1626 1458 1754 1498 duxit
1786 1459 1844 1498 ad
1877 1458 2069 1498 domum

419 1545 572 1583 suam,
635 1532 879 1584 ipsumque
937 1531 1212 1571 suauissime
1273 1531 1513 1571 cuiusdam
1578 1530 1785 1584 pocionis
1847 1529 2070 1570 beneficio

418 1591 677 1655 recreauit,
701 1604 858 1644 dicens
901 1616 1005 1643 eum
1047 1616 1100 1643 ex
1142 1607 1252 1643 tunc
1285 1603 1490 1643 futurum
1524 1602 1780 1643 forciorem.
1843 1603 1952 1643 Post
1983 1602 2072 1642 hoc

424 1677 761 1728 Handwanum,
811 1675 1095 1729 Hellesponti
1134 1687 1300 1727 regem,
1348 1676 1469 1729 apud
1516 1676 1699 1715 Dunam
1748 1675 1904 1715 vrbem
1951 1674 2071 1715 bello

421 1753 670 1802 attemptat.
715 1749 801 1789 Sed
827 1761 1066 1789 murorum
1095 1748 1334 1788 altitudine
1361 1747 1759 1801 oppugnacionem
1786 1747 2072 1801 prohibente,

420 1821 589 1861 diuersi
623 1822 799 1873 generis
831 1834 954 1868 aues,
987 1820 1075 1861 loci
1107 1820 1229 1860 illius
1263 1820 1479 1861 domibus
1512 1824 1732 1872 assuetas,
1765 1833 1844 1873 per
1870 1831 2071 1871 aucupes

421 1893 551 1933 iussit
583 1894 685 1946 capi
718 1899 759 1933 et
790 1906 1008 1934 accensos
1039 1893 1143 1945 igne
1175 1894 1340 1944 fungos
1373 1893 1457 1932 sub
1484 1892 1567 1932 alis
1593 1905 1749 1932 earum
1778 1891 1951 1943 suffigi3
1985 1904 2072 1944 que

424 1965 553 2006 nidos
595 1966 804 2019 proprios
845 1970 1098 2019 repetentes
1136 1966 1295 2006 vrbem
1328 1965 1541 2005 incendio
1575 1965 1944 2018 compleueruntg
1994 1963 2074 2003 sic-

423 2052 510 2091 que
558 2043 711 2091 portas
758 2049 996 2090 aggressus
1043 2038 1202 2078 vrbem
1253 2042 1293 2077 et
1342 2038 1667 2077 Handwanum
1715 2036 1843 2089 cepit.
1929 2035 2072 2075 Multo

423 2116 574 2151 autem
610 2111 914 2152 Orientalium
957 2111 1119 2151 robore
1159 2110 1384 2150 debellato
1419 2109 1640 2154 Sweciam
1680 2121 1892 2148 reuersus
1935 2107 2073 2148 Swib-

424 2185 655 2234 dagerum,
689 2185 811 2236 apud
835 2183 1163 2224 Guthlandiam
1199 2196 1303 2222 cum
1338 2182 1508 2234 ingenti
1535 2182 1678 2222 classe
1703 2180 1910 2231 obuium,
1943 2180 2073 2220 inter-

424 2256 548 2306 fecit,
596 2257 750 2309 sicque
790 2260 972 2296 mortuo
1016 2256 1144 2296 hoste
1186 2255 1372 2307 contigit
1420 2267 1524 2295 eum
1573 2266 1665 2294 non
1712 2253 1839 2306 prius
1878 2252 2072 2305 patriam

425 2332 623 2380 repetere
657 2342 794 2381 quam
828 2340 1028 2381 regnare.

511 2401 605 2440 VH.
659 2401 720 2441 Eo
755 2405 957 2454 tempore
985 2400 1186 2442 Othinus
1218 2400 1422 2453 quidam,
1455 2399 1533 2452 qui
1566 2412 1644 2452 per
1677 2402 1818 2439 totam
1840 2398 2072 2450 Europam

426 2473 539 2513 salso
584 2474 695 2512 deus
738 2473 1021 2524 credebatur,
1069 2473 1191 2525 apud
1226 2473 1440 2525 Vpsalem
1481 2472 1550 2512 vel
1594 2475 1777 2523 propter
1817 2469 2072 2510 incolarum

518 2619 547 2652 1.
583 2618 781 2662 pertraxit
813 2618 889 2653 AS.
969 2619 1002 2653 2.
1038 2618 1274 2652 lzaracteres
1308 2616 1390 2651 DV.
1468 2615 1586 2660 ligwa
1623 2616 1668 2658 D,
1700 2608 1849 2660 lingwa
1883 2612 1923 2651 S,
1955 2613 1990 2647 et
2019 2611 2075 2647 sic

427 2674 582 2719 soepius.
647 2675 679 2709 3,
715 2675 892 2719 predixit
925 2675 1062 2709 statim
1085 2674 1159 2709 AS.
1223 2676 1256 2708 4.
1290 2674 1522 2708 eminerent
1539 2674 1582 2708 Α.
1644 2673 1679 2707 6.
1715 2669 2013 2717 magnitudinis
2033 2669 2074 2703 Α.

431 2732 464 2765 7.
514 2732 692 2766 exueitat
741 2732 786 2771 V,
845 2742 944 2767 corr.
994 2732 1190 2767 excitauit
1236 2729 1307 2775 V'23
1377 2730 1601 2765 exsuscitat
1650 2731 1699 2771 A;
1768 2727 1989 2763 resuscitat
2035 2724 2072 2760 S.

431 2788 463 2822 8.
483 2788 778 2823 abscidendam
800 2789 875 2823 VS.
938 2790 971 2824 9.
991 2789 1204 2824 cnianauit
1221 2788 1297 2823 AS.
1362 2790 1496 2822 tamen
1517 2798 1593 2822 om.
1614 2787 1651 2821 S.
1714 2786 1851 2820 51—10.
1873 2783 2075 2819 euadente

430 2846 638 2889 radingo
673 2846 710 2880 S.
795 2846 989 2891 decerpta
1025 2845 1147 2886 VAS.
1194 2845 1367 2891 decepta
1408 2845 1441 2879 D
1483 2844 1651 2887 (laniata
1689 2843 1818 2886 Saxo).
1899 2841 1959 2877 11.
1994 2840 2075 2875 hoc

432 2903 519 2942 DV;
552 2903 609 2937 eis
642 2903 717 2938 AS.
788 2904 846 2936 12.
881 2912 978 2947 crgo
1011 2902 1055 2937 V.
1121 2902 1180 2937 13.
1219 2903 1414 2937 misertus
1447 2901 1486 2936 S.
1553 2902 1612 2936 14.
1648 2900 1784 2946 pirato
1813 2898 1856 2934 Α.
1921 2896 2075 2932 insolu-

431 2959 524 2993 bilis
573 2959 609 2994 S.
707 2962 764 2994 18.
813 2960 967 2994 <locens
1016 2960 1053 2995 S.
1144 2959 1332 2994 futurum
1380 2969 1458 2993 0111.
1509 2958 1551 2993 V.
1644 2958 1720 2992 hee
1765 2955 1852 3000 VA3
1909 2964 1986 2989 om.
2033 2953 2072 2988 S.

437 3017 494 3050 19.
539 3017 770 3061 helesponti
818 3017 905 3058 DV;
954 3016 1178 3062 helisponti
1224 3016 1262 3051 S.
1354 3015 1509 3049 (liniam
1552 3014 1591 3049 S.
1685 3013 1747 3049 22.
1795 3012 1887 3058 capi
1935 3021 1982 3046 ac
2022 3010 2076 3053 D;

432 3073 567 3117 capiat
599 3074 642 3108 V.
721 3074 784 3117 ligii
819 3073 895 3109 AS.
974 3074 1037 3108 24.
1073 3077 1112 3108 et
1143 3084 1219 3108 0111.
1254 3073 1370 3108 DVA.
1456 3071 1688 3106 Handwani
1721 3070 1764 3105 Α.
1841 3068 1904 3104 25.
1937 3070 2073 3103 autem

432 3139 508 3163 om.
543 3130 580 3164 S.
665 3130 831 3165 25„2(5‚
865 3130 1015 3165 Swibd.
1048 3129 1113 3164 hi(-
1144 3140 1294 3165 omnes.
1381 3129 1443 3163 26.
1476 3127 1730 3174 gotlandiam
1765 3126 1839 3161 AS.
1931 3124 1993 3160 29.
2027 3123 2075 3159 Et

435 3189 619 3231 tempore
654 3187 697 3221 V.
761 3188 820 3222 30.
857 3186 985 3222 salsus
1018 3187 1071 3231 V,
1105 3186 1205 3221 false
1239 3186 1277 3222 S.
1338 3185 1481 3232 ypsale
1509 3185 1562 3230 D3
1596 3183 1796 3231 vpsaliam
1831 3182 1871 3217 S.
