2150 3584
529 195 822 225 COMPENDIVM
857 197 1055 227 SAXOle.
1105 198 1187 226 Lm.
1223 198 1298 226 vni
1653 190 1734 229 325

87 311 269 363 deleuit,
315 310 650 363 optimatesque
689 323 846 351 eorum
895 311 1081 364 capiens
1122 325 1200 364 per
1242 323 1433 364 magnos
1477 326 1612 354 canes
1659 327 1736 354 eos

87 383 276 426 lacerari
309 387 350 424 et
381 382 652 423 lacrimabili
681 383 890 435 exemplo
920 396 1061 436 vsque
1087 385 1142 423 ad
1170 388 1363 424 mortem
1392 385 1583 438 discerpi
1612 386 1735 435 secit;

89 456 214 498 Slaui
245 466 350 507 ergo
378 454 519 494 territi
545 454 634 506 regi
663 454 930 495 seruierunt.
978 456 1259 496 Jarmericus
1285 456 1418 508 igitur
1442 462 1505 498 tot
1527 458 1736 509 gentibus

88 528 393 582 locupletatus
425 526 611 567 firmum
646 530 847 566 castrum
881 527 997 579 fecit,
1047 528 1121 568 vbi
1163 529 1431 569 thesaurum
1465 531 1735 583 deponebat.

90 600 264 642 Deinde
290 599 474 651 nauigio
501 612 626 639 mare
650 599 849 639 lustrans
882 611 987 639 cum
1021 604 1218 653 quatuor
1249 600 1465 642 fratribus
1489 602 1544 642 de
1570 603 1738 642 Helles·
1764 609 1783 638 5

89 676 230 727 ponto
262 671 413 712 triduo
446 671 690 724 pugnauit3
735 684 788 711 ac
828 658 986 712 vl’timo
1020 672 1207 712 vincens
1248 685 1325 713 eos
1364 674 1421 713 ad
1462 675 1736 714 soluendum

88 746 311 786 tributum
344 743 488 796 coegit
519 755 573 783 ac
604 743 791 784 extorsit
822 744 880 784 ab
913 744 976 783 eis
1009 756 1213 784 sororem
1243 745 1464 798 ipsorum.
1514 746 1620 786 Post
1651 746 1740 786 hoc

91 818 240 869 Biceo,
288 816 410 856 filius
456 815 572 867 regis
618 815 855 868 Liuorum,
903 816 1105 856 euadens
1151 817 1463 870 captiuitatem
1510 818 1738 859 dictorum

90 890 280 931 fratrum
314 901 360 929 se
391 889 449 929 ad
480 887 788 929 Jarmericum
821 888 1134 929 fraudulenter
1165 890 1370 942 contulit,
1417 890 1659 931 intendens
1699 890 1739 930 ei

90 962 288 1014 malum,
343 974 396 1002 eo
453 961 576 1014 quod
623 959 782 1000 fratres
830 973 938 1001 suos
985 960 1096 1001 olim
1143 961 1404 1010 occidisset3
1459 962 1740 1003 Jarmericus

90 1038 243 1076 autem
285 1033 478 1085 benigne
517 1032 686 1086 recepit
725 1045 845 1084 eum,
892 1045 946 1073 ac
983 1033 1028 1073 in
1066 1033 1196 1074 breui
1228 1034 1343 1074 adeo
1376 1046 1532 1075 carum
1564 1034 1740 1085 habuit,

89 1111 136 1149 vt
167 1107 293 1147 fieret
324 1105 535 1146 omnium
568 1108 846 1145 secretorum
876 1105 1101 1146 conscius.
1150 1106 1241 1156 Qui
1275 1106 1508 1147 maliciose
1542 1111 1741 1147 mentem

91 1179 206 1232 regis
238 1179 295 1219 ad
328 1178 483 1219 omnia
517 1190 733 1230 peruersa
766 1177 1014 1218 concitauit
1046 1182 1088 1218 et
1114 1178 1315 1218 maxime
1339 1183 1498 1219 contra
1524 1183 1742 1231 cognatos

92 1256 134 1293 et
164 1251 339 1292 amicos
371 1250 416 1290 in
449 1253 643 1301 tantum,
692 1254 741 1290 ut
771 1263 849 1290 rex
881 1250 1006 1291 fieret
1038 1250 1256 1291 omnibus
1289 1250 1489 1292 odiosus.
1554 1252 1743 1304 Propter

92 1325 216 1378 quod
249 1323 372 1365 Slaui
415 1336 462 1363 se
502 1322 655 1362 statim
695 1326 852 1362 contra
894 1335 1000 1363 eum
1045 1327 1302 1371 erexerunt3
1351 1324 1429 1364 sed
1461 1323 1742 1364 Jarmericus

92 1397 231 1437 duces
264 1396 506 1437 Slauorum
541 1398 699 1448 captos
731 1394 859 1446 ligari
892 1394 996 1435 fecit
1026 1396 1084 1435 ad
1117 1396 1289 1436 caudas
1321 1409 1545 1449 equorum
1579 1409 1633 1437 ac
1664 1409 1743 1450 per

92 1481 254 1510 cursus
286 1481 445 1509 eorum
479 1467 694 1520 discerpi3
741 1471 927 1520 propter
968 1469 1092 1521 quod
1126 1467 1251 1508 Slaui
1282 1468 1423 1508 territi
1456 1468 1741 1521 quieuerunt.

93 1541 284 1593 Interea,
315 1540 394 1594 qui
424 1553 478 1580 ex
510 1552 665 1581 sorore
682 1539 923 1581 Jarmerici
948 1540 1072 1593 apud
1098 1540 1393 1581 Germaniam
1427 1541 1512 1581 orti
1545 1541 1743 1594 fuerunt,

92 1625 220 1653 arma
252 1616 409 1653 contra
443 1625 548 1653 eum
590 1616 899 1665 sumpserunt,
946 1612 1147 1653 dicentes
1187 1612 1244 1652 ad
1286 1625 1332 1653 se
1373 1623 1563 1665 regnum
1598 1614 1744 1654 Danie

93 1684 210 1725 sicut
241 1688 282 1724 et
313 1685 370 1725 ad
402 1684 554 1738 ipsum
580 1683 825 1737 pertinere;
859 1697 1056 1738 quorum
1084 1684 1373 1726 municiones
1401 1698 1480 1738 per
1504 1686 1744 1726 machinas

92 1757 189 1811 ipse
248 1757 296 1798 in
349 1756 593 1798 Germania
646 1757 869 1796 destruxit
928 1761 1188 1810 terramque
1250 1770 1407 1798 eorum
1472 1758 1743 1799 deuastauit.

95 1829 303 1883 Cumque
334 1829 381 1870 in
408 1829 598 1870 Daciam
631 1832 945 1881 reuerteretur,
978 1834 1226 1870 occurrunt
1257 1829 1365 1870 dieti
1397 1830 1556 1870 fratres
1578 1830 1746 1871 Helles-

94 1901 264 1955 pontici
308 1914 415 1942 cum
458 1914 613 1942 sorore
651 1914 747 1941 sua.
827 1902 1017 1955 Nupciis
1057 1906 1210 1942 autem
1255 1914 1359 1942 cum
1409 1915 1461 1942 ea
1509 1903 1745 1944 celebratis

94 1987 279 2015 rursum
311 1988 365 2015 ex
395 1974 614 2014 instinctu
649 1973 859 2014 Bicconis
891 1974 937 2013 in
972 1974 1267 2015 Germaniam
1307 1974 1453 2028 rediit,
1496 1979 1746 2029 captosque

96 2047 296 2088 sororios
342 2059 450 2087 suos
497 2046 715 2099 suspendi
762 2045 888 2096 fecit3
943 2046 1186 2100 optimates
1242 2047 1386 2088 eciam
1443 2060 1602 2088 eorum
1660 2049 1745 2089 sub

97 2119 246 2173 specie
278 2117 480 2172 conuiuij
514 2118 734 2159 inuitatos
769 2118 907 2158 simili
940 2119 1080 2159 modo
1112 2119 1306 2160 necauit.

182 2192 255 2232 IX.
304 2192 494 2244 Interea,
528 2191 639 2231 dum
673 2190 840 2231 absens
871 2194 977 2243 erat,
1011 2191 1255 2243 Broderus,
1288 2191 1411 2232 filius
1444 2192 1540 2232 eius
1573 2205 1626 2232 ex
1658 2194 1747 2234 alia

95 2276 234 2306 vxore
279 2264 371 2304 iam
419 2267 624 2314 mortua,
671 2275 868 2303 nouerce
916 2275 1096 2316 curam,
1143 2268 1279 2316 prout
1324 2277 1349 2304 a
1396 2268 1522 2317 patre
1569 2265 1745 2306 iussum

95 2336 261 2387 fuerat,
315 2335 509 2376 fideliter
562 2335 817 2375 exhibebat.
910 2335 1060 2386 Quem
1117 2335 1252 2376 Bicco
1299 2336 1546 2376 accusabat
1592 2350 1746 2378 coram

184 2479 218 2516 1.
251 2490 323 2515 eos
355 2490 433 2516 om.
469 2479 513 2516 A.
604 2479 639 2515 2.
671 2489 719 2514 ac
750 2478 908 2515 lacrim.
943 2479 987 2515 D.
1077 2479 1246 2525 decerpi
1284 2479 1395 2514 codd.
1434 2477 1501 2526 (A:
1543 2479 1748 2527 decrepi);

96 2536 255 2572 correxi
276 2534 383 2585 (item
414 2536 522 2581 infra
549 2547 581 2572 υ.
608 2534 681 2583 17).
745 2535 779 2571 3.
806 2535 919 2571 Slaui
944 2536 1070 2581 igitur
1089 2536 1128 2572 S.
1188 2536 1313 2571 Jarm.
1340 2545 1438 2581 ergo
1456 2536 1501 2571 A.
1564 2539 1624 2572 tot
1653 2547 1749 2583 gen-

96 2594 207 2630 cium
235 2593 446 2629 manubiis
470 2593 673 2629 loc.Sc1xo
691 2592 846 2628 melius.
911 2594 944 2628 4.
975 2592 1243 2639 deponebant
1262 2593 1343 2629 DV.
1405 2594 1440 2628 5.
1467 2592 1683 2630 illustrans
1704 2595 1747 2630 A.

97 2653 280 2696 quatuor
309 2649 372 2699 (.4.
405 2649 493 2698 DV)
522 2661 600 2686 om.
633 2649 709 2685 AS.
771 2649 805 2686 6.
838 2649 889 2685 ad
922 2660 999 2686 om.
1033 2650 1077 2686 V.
1142 2650 1175 2686 7.
1210 2650 1307 2685 Post
1339 2650 1416 2685 hec
1447 2650 1492 2686 V.
1555 2651 1590 2686 7.
1625 2651 1750 2695 buco,

97 2707 235 2753 bucto,
267 2708 378 2743 bicto
410 2707 556 2753 saepius
589 2707 630 2742 in
662 2717 765 2753 seqq.
797 2706 872 2742 AS.
949 2708 1010 2742 12.
1044 2707 1244 2743 malicose
1278 2707 1322 2742 D.
1400 2707 1461 2742 14.
1496 2708 1666 2744 ociosus
1701 2709 1746 2744 A.

102 2765 162 2801 15.
203 2765 342 2800 statim
383 2775 426 2800 se
457 2766 500 2800 A.
593 2764 759 2800 16-17.
798 2774 874 2809 per
914 2774 936 2799 c
978 2774 1184 2809 equorum
1216 2764 1261 2799 A.
1356 2764 1416 2799 18.
1459 2766 1672 2809 germania
1706 2766 1749 2801 A.

99 2821 164 2858 20.
196 2825 236 2858 et
265 2820 376 2870 (post
411 2819 534 2868 sicut)
573 2831 649 2857 om.
690 2821 735 2856 A.
826 2821 1020 2856 machina
1052 2821 1095 2856 A.
1187 2820 1251 2856 22.
1291 2820 1411 2860 dacia
1444 2821 1490 2856 V.
1583 2832 1669 2858 occ,
1713 2822 1749 2857 ei

99 2878 198 2914 dicti
242 2879 318 2915 AS.
410 2878 712 2924 Hellespontici
757 2877 884 2922 Sci-2⁴03
932 2877 1184 2923 hellesponti
1231 2877 1344 2913 codd.
1391 2876 1653 2925 (hellisponti
1696 2878 1749 2926 S).

99 2935 164 2971 23.
198 2945 294 2971 cum
319 2933 420 2984 eo(!)
450 2935 665 2971 celebrant
689 2935 733 2970 A.
797 2934 860 2971 25.
895 2945 1092 2970 sororeos
1115 2935 1167 2978 A;
1199 2945 1367 2969 sorores
1394 2934 1433 2969 S.
1496 2935 1558 2971 27.
1587 2936 1748 2972 Interea

99 3001 176 3028 om.
201 2993 246 3029 D.
307 2992 371 3029 28.
403 3003 549 3028 curam
580 2991 725 3038 scripsi
753 2990 814 3040 (ut
833 2989 954 3027 habet
974 2988 1116 3039 Saxo);
1148 2991 1309 3027 curiam
1342 2990 1455 3026 codd.
1517 2993 1581 3029 29.
1614 2993 1749 3029 exibe-

100 3048 171 3084 bat
203 3049 284 3085 DV.
361 3049 481 3093 Quod
516 3049 561 3085 D.

168 3128 269 3158 Script.
291 3129 356 3153 hist.
380 3129 450 3153 Dan.
471 3129 608 3153 minores.
1499 3117 1540 3147 22

1768 971 1808 1001 10

1771 1333 1810 1362 15

1771 1695 1813 1725 20

1773 2056 1814 2087 25
