2150 3584
294 1221 336 1251 10

293 1585 333 1615 15

291 2023 333 2053 20

291 2385 332 2415 25

290 2746 332 2777 30

369 225 446 264 112
706 234 980 264 SCRIPTORES
1013 234 1239 264 H1sromAE
1272 233 1448 263 DANICAE
1480 232 1679 264 M1NoREs

1077 454 1201 496 CAP.
1235 456 1308 497 VI.

462 530 651 607 Interea
690 562 845 614 regina
886 575 966 615 per
997 561 1268 602 uniuersum
1300 574 1492 615 regnum
1524 563 1764 604 mandauit
1796 564 2009 616 edictum,

365 641 413 678 ut
449 636 588 677 totius
626 635 750 688 regni
783 634 1001 675 uniuerso
1033 634 1205 687 populo
1239 639 1476 687 corrogato
1509 649 1601 676 una
1642 634 1798 689 (prope
1827 635 2011 689 Slesuilc)

364 709 654 761 conueniant,
688 711 737 748 ut
769 706 852 761 ipsi
882 720 1056 758 omneS,
1100 720 1299 760 quorum
1331 707 1378 747 in
1410 719 1549 760 regno
1583 712 1732 749 essent
1763 708 2010 760 domicilia,

363 781 559 835 propriis
612 783 818 832 satagant
862 779 1079 819 manibus
1126 779 1380 831 elaborare,
1442 783 1669 833 quatenus
1722 779 2009 835 (muniminis)

364 854 596 894 firmitudo
622 853 812 893 celerius
837 855 1140 892 construatur.
1189 852 1296 892 Illos
1329 856 1496 902 autem,
1528 866 1645 907 quos
1676 853 1740 893 rei
1771 852 2010 893 familiaris

363 927 551 979 urgebat
588 925 758 979 inopia,
805 937 970 965 census
1009 924 1125 964 fouit
1165 924 1385 977 subsidio,
1430 924 1663 979 taliterque
1695 937 1883 966 censum
1917 938 2011 967 ero-

363 1000 509 1052 gabat,
556 1011 692 1053 quem
726 998 833 1038 dolo
865 997 1202 1051 impetrauerat.
1265 997 1360 1038 Nec
1390 997 1609 1051 cuiquam
1641 997 1892 1051 excipiendi
1923 983 2010 1052 (se)

363 1071 699 1126 prerogatiuam
732 1069 1000 1123 impartiuit,
1039 1069 1150 1123 quin
1183 1069 1388 1123 iuuenes,
1429 1083 1559 1111 senes
1592 1074 1635 1111 et
1665 1069 1810 1110 adulti
1841 1070 2010 1111 cuncti-

363 1158 464 1200 que,
496 1157 612 1198 quos
637 1144 710 1184 uel
734 1142 927 1183 infantia
959 1141 1152 1182 tenerior
1182 1155 1277 1183 non
1308 1142 1562 1196 impediret,
1595 1143 1669 1183 uel
1700 1141 1836 1196 (senii)
1867 1143 2010 1184 defec-

361 1221 434 1257 tus
480 1230 573 1257 non
619 1215 895 1270 prohiberet,
942 1213 1209 1268 (munimini)
1256 1215 1429 1268 prefato
1475 1215 1756 1255 insudarent.
1827 1215 2009 1269 Quippe

362 1290 476 1330 adeo
531 1288 814 1342 obsequendi
866 1288 1108 1327 uniuersos
1161 1287 1351 1338 urgebat
1403 1287 1669 1341 necessitas,
1731 1291 1780 1327 ut
1834 1301 2008 1340 omnes,

362 1362 526 1402 diuites
581 1365 623 1402 et
675 1373 918 1414 pauperes,
981 1359 1078 1400 eius
1127 1359 1246 1412 agris
1293 1364 1335 1400 et
1379 1359 1536 1413 fundis
1583 1360 1734 1401 coloni
1781 1361 2007 1401 culturam

360 1434 688 1488 impenderent.
776 1434 893 1473 Nam
940 1436 1078 1486 prout
1122 1432 1248 1484 regni
1295 1431 1488 1484 regimen
1537 1432 1747 1485 obtinuit,
1792 1432 1853 1473 ita
1898 1436 2010 1474 tunc

360 1507 577 1560 temporis
620 1506 884 1547 uniuersam
929 1504 1054 1558 regni
1092 1505 1301 1545 tellurem
1340 1517 1464 1557 reges
1507 1505 1652 1545 nostri
1689 1504 1779 1545 iure
1816 1504 2010 1546 dominii

361 1579 668 1632 possidebant.
732 1578 956 1620 Omnium
1002 1577 1155 1631 itaque
1202 1577 1348 1630 prima
1393 1578 1648 1618 construxit
1685 1590 1796 1631 opus
1835 1578 2008 1630 elegan-

360 1652 604 1704 tissimum,
637 1652 761 1705 quod
788 1650 1086 1705 postmodum
1116 1649 1273 1702 Danis,
1305 1654 1525 1705 tanquam
1558 1649 1747 1691 inclusis
1779 1650 2007 1703 indagine,

360 1737 385 1764 a
418 1725 666 1765 Teotonica
700 1737 879 1777 semper
910 1723 1036 1763 rabie
1067 1722 1347 1763 tutissimum
1383 1722 1576 1777 (prebuit
1603 1720 1857 1776 munimen).

448 1870 531 1911 Cui
563 1871 674 1910 dum
707 1871 905 1910 duorum
939 1868 1030 1909 iam
1063 1881 1293 1908 annorum
1326 1881 1513 1921 operam
1546 1868 1858 1921 impendisset,
1892 1867 2006 1908 tanti

361 1940 551 1996 edifficii)
590 1942 712 1983 fama
753 1941 942 1983 celebris
984 1942 1040 1981 ad
1081 1953 1215 1980 aures
1254 1941 1521 1981 conuolauit
1551 1940 1853 1994 imperatoris.
1916 1939 2007 1991 Qui

360 2015 529 2066 legatos
583 2015 739 2055 itidem
799 2013 1046 2055 destinauit
1091 2013 1136 2053 in
1186 2013 1396 2065 Daciam,
1458 2013 1536 2067 qui
1582 2013 1744 2054 callide
1790 2025 2006 2066 percunc-

359 2091 573 2140 tarentur,
620 2087 781 2141 utquid
828 2087 982 2139 regina
1022 2085 1100 2125 tali
1139 2085 1376 2126 insudaret
1423 2085 1562 2139 operi,
1610 2085 1647 2125 si
1684 2089 1870 2138 pactum
1911 2098 2005 2126 non

361 2160 597 2200 moliretur
643 2160 829 2200 uiolare.
917 2159 1085 2209 Quibus
1129 2157 1285 2210 regina
1332 2158 1631 2198 disertissima
1676 2158 1765 2198 tale
1809 2157 2007 2198 reddidit

359 2245 655 2285 responsum:
708 2232 849 2273 »Satis
881 2231 1118 2272 ammirari
1151 2244 1243 2271 non
1277 2231 1423 2282 ualeo,
1471 2243 1552 2271 cur
1590 2230 1753 2271 eximie
1792 2230 2005 2284 princeps

360 2305 619 2357 prudentie,
681 2305 810 2345 cuius
873 2305 1091 2344 thronum
1147 2304 1202 2344 ad
1259 2303 1407 2343 sidera
1460 2303 1600 2343 ferme
1646 2302 1787 2355 gratia
1833 2302 2006 2343 domini

361 2377 640 2430 sublimauit,
688 2381 729 2417 et
776 2376 967 2417 consilio
1014 2375 1412 2429 perspicacissimo
1458 2379 1523 2415 tot
1563 2375 1766 2427 gentium
1807 2374 2005 2415 feritates

360 2461 442 2489 suo
484 2449 747 2502 subiugauit
777 2448 984 2502 imperio,
1031 2462 1056 2488 a
1098 2448 1288 2489 muliere
1329 2447 1542 2500 dignatur
1577 2447 1731 2500 inepta
1771 2446 2004 2500 profundi-

358 2524 495 2561 tatem
529 2521 686 2561 rimari
719 2521 910 2562 consilii.
974 2521 1114 2561 Suam
1148 2521 1270 2561 enim
1303 2533 1396 2561 non
1428 2519 1623 2560 arbitror
1653 2519 1838 2560 latuisse
1870 2519 2004 2560 soler-

359 2592 483 2644 tiam,
516 2595 638 2647 quod
669 2594 839 2633 dudum
864 2596 1002 2633 uestra
1026 2593 1118 2633 iam
1141 2592 1299 2633 didicit
1324 2592 1613 2645 experientia,
1642 2591 2002 2633 commeantium

360 2665 564 2718 pediturn
608 2667 681 2707 uel
721 2666 923 2720 equitum
961 2665 1019 2705 ad
1052 2677 1134 2705 uos
1166 2678 1396 2718 nusquam
1430 2649 1598 2718 <uium>
1632 2667 1782 2717 patere
1813 2662 1901 2703 nisi
1929 2675 2005 2716 per

361 2737 528 2778 modici
568 2738 717 2791 campi
759 2737 1017 2791 planitiem3
1066 2737 1138 2777 cui
1178 2737 1269 2778 iam
1311 2737 1430 2777 muri
1470 2736 1647 2777 obicem
1687 2736 1812 2776 hunc
1844 2736 2003 2775 imma-

446 2908 480 2944 3.
529 2911 681 2955 utpote.
774 2909 835 2943 12.
882 2908 1059 2954 pondus.
1166 2910 1267 2944 recte
1311 2907 1432 2943 habet
1475 2906 1626 2951 coloni,
1674 2917 1755 2942 11011
1800 2909 2000 2952 tanquam

360 2965 517 3010 coloni,
574 2976 614 3001 re
662 2976 753 3000 veru
801 2965 917 3000 celeri
962 2965 1101 3001 coloni
1148 2967 1282 3010 erunt,
1330 2975 1421 3000 cum
1469 2974 1541 3000 rex
1586 2964 1726 2999 onmia
1768 2963 2000 3009 possideret.

362 3022 423 3057 13.
456 3031 627 3068 regnum
660 3021 757 3071 (pro
790 3020 938 3070 regim).
1016 3023 1075 3058 14.
1110 3025 1264 3058 nostrae
1296 3021 1440 3057 domui
1481 3019 1575 3069 (pro
1614 3021 1676 3065 nfi
1708 3021 1799 3056 iure
1831 3017 2000 3069 domiii).

363 3091 423 3126 15.
457 3091 698 3127 construxio
739 3090 836 3138 (pro
878 3077 1073 3127 CODSU'IDtK
1114 3088 1211 3138 op9).
1287 3091 1350 3126 22.
1384 3089 1458 3125 Cui
1499 3087 1596 3137 (pro
1629 3086 1775 3137 Quib3).
1853 3089 1916 3124 24.
1949 3087 1997 3123 ad
