2150 3584
369 202 421 241 42
712 212 986 241 SCRIPTORES
1019 213 1245 241 HISTORIAE
1277 212 1452 240 DANICAE
1485 212 1683 240 MINORES

369 329 418 364 ad
459 329 677 375 gigantem,
722 329 934 364 sedentem
982 328 1060 364 sub
1101 328 1315 374 crepidine
1358 327 1576 363 cuiusdam
1624 329 1735 363 saxei
1783 329 2013 371 monticuli,

368 397 567 432 salutauit
606 407 701 433 eum
735 408 783 433 ex
816 397 985 432 nomine
1018 397 1127 433 Snio.
1187 396 1369 432 Audiens
1404 397 1483 440 Lae⁷
1530 406 1624 431 eum
1664 405 1801 442 regem
1846 397 2012 442 facturn⁷

369 466 607 511 indignatus
640 466 743 502 dixit
775 466 942 508 nuncio,
988 465 1114 511 quod,
1157 465 1236 500 nisi
1275 464 1413 500 statim
1447 465 1524 499 tria
1558 475 1655 500 vera
1688 465 1813 501 verba
1846 465 2013 511 diceret,

369 534 476 569 male
500 534 667 580 periret.
715 534 792 578 Qui
820 526 892 569 ait:
932 534 1181 579 »Nunquam
1209 533 1293 569 vidi
1318 532 1517 578 parietem
1552 543 1735 568 asserem
1768 534 2012 579 spissiorem

370 603 604 638 habentem.
666 603 891 648 Nunquam
932 602 1016 637 vidi
1054 602 1268 637 hominem
1309 601 1419 636 inter
1449 601 1596 637 oculos
1629 601 1839 638 laciorem.
1902 602 2014 638 Nun-

368 682 494 717 quam
542 671 600 707 fui
647 672 688 707 in
735 671 843 720 loco,
891 683 912 706 a
957 681 1041 716 quo
1080 670 1285 705 libencius
1328 669 1602 705 recederem.«
1683 670 1845 713 Quibus
1891 670 2013 706 dictis

368 740 544 775 extraxit
574 740 686 786 gigas
719 740 802 775 duo
834 739 1039 775 cirotecas
1071 738 1121 773 de
1153 738 1248 773 sinu
1280 749 1357 773 suo
1391 741 1430 773 et
1458 737 1630 773 tradidit
1653 738 1820 783 nuncio,
1851 738 2013 775 dicens:

372 808 514 852 »Caue‚
561 819 612 844 ne
660 808 854 843 manibus
892 807 975 842 tuis
1015 806 1213 842 adtrahas
1254 806 1330 842 has
1370 806 1593 851 cirotecas;
1638 806 1711 842 sed
1757 807 1897 842 tradas
1944 818 2013 842 eas

370 877 467 912 Snio
514 887 591 923 pro
640 887 813 912 munere
860 886 908 911 ex
954 878 1071 921 parte
1114 885 1238 911 mea«
1304 875 1424 910 Redit
1470 875 1661 919 nuncius,
1706 875 1868 911 inuenit
1914 875 2012 912 Snio

369 945 581 981 sedentem
614 946 654 980 in
688 944 842 991 placito
875 944 1145 989 Wibergensi,
1178 944 1522 990 presentauitque
1553 943 1591 979 ei
1621 944 1868 980 cirothecas.
1934 944 2013 987 Qui

368 1013 553 1059 gaudens
586 1013 766 1049 adtraxit
797 1024 866 1049 eas
899 1012 1093 1048 manibus
1126 1012 1234 1056 suis3
1265 1012 1490 1058 statimque
1523 1012 1575 1048 ab
1607 1012 1781 1048 infinitis
1808 1012 2013 1059 pediculis

369 1082 542 1117 inuasus
589 1085 659 1118 est.
730 1082 942 1117 Recedens
989 1092 1010 1116 a
1059 1081 1212 1127 placito
1259 1081 1310 1116 ad
1358 1080 1571 1116 modicum
1616 1081 1806 1127 spacium
1854 1081 2014 1126 cecidit,

369 1149 510 1195 ibique
543 1153 819 1196 consumptus
852 1161 873 1185 a
907 1149 1119 1185 vermibus
1151 1149 1369 1195 expirauit.
1429 1149 1591 1185 Dicitur
1622 1153 1759 1186 autem
1793 1149 1862 1186 ille
1893 1150 2012 1186 locus

371 1219 577 1264 Lusaehog
608 1229 739 1264 vsque
772 1219 812 1253 in
845 1229 1029 1264 presens.
1091 1218 1158 1254 Sic
1190 1218 1424 1264 loquuntur
1455 1218 1596 1264 aliqui.
