2150 3584
256 193 473 222 SVENONJS
505 192 696 222 Aoooms
729 193 831 220 F1L11
867 193 1024 221 ssizssvis
1057 192 1267 221 flisronm
1302 192 1451 221 afiovn
1488 192 1618 220 mcii:
1683 181 1760 220 135

917 306 956 366 S

118 415 267 469 pontis
319 415 561 456 transitum
618 414 790 467 egregie
844 413 1153 465 defensantes,
1215 413 1329 454 adeo
1384 417 1431 453 ut
1488 413 1594 454 hinc
1654 413 1759 453 inde

117 491 424 541 peremtorum
458 487 762 528 cadaueribus
793 486 944 526 amnis
975 486 1194 538 gurgitem
1230 486 1349 526 sicco
1383 486 1495 538 pede
1531 486 1757 539 utrimque

117 560 452 613 pertransirem.
516 560 609 600 Nec
655 559 782 613 prius
828 571 853 599 a
901 558 1052 612 pontis
1090 558 1280 599 tuitione
1319 558 1609 609 desistebant,
1656 559 1757 600 licet

116 631 258 686 plagis
290 632 645 686 quamplurimis
677 631 887 684 lacessiti,
933 643 1074 685 quam
1116 643 1193 670 rex
1232 630 1446 683 fugiendo
1480 644 1621 671 naues
1654 644 1757 672 con-

68 704 373 746 5scendisset.
465 706 614 757 Quem
670 704 821 745 subito
873 702 1066 744 insecuti
1119 702 1165 743 in
1221 702 1432 743 Scaniam
1489 703 1753 755 fugitantem

114 776 462 819 comitabantur.
526 778 830 830 Posteaquam
871 788 979 816 uero
1013 775 1230 816 Nicolaus
1269 788 1345 815 rex
1388 775 1496 815 bino
1529 775 1618 815 iam
1653 789 1756 817 con-

113 860 269 901 gressu
299 849 640 904 triumphasset,
676 849 858 890 Ericum
893 852 1106 901 nepotem
1140 860 1273 888 suum
1301 851 1342 887 et
1365 848 1541 888 hostem
1570 861 1756 901 prorsus

114 934 136 961 e
175 932 314 974 regno
353 922 512 964 eiicere
554 922 794 963 nitebatur.
858 921 1006 972 Quem
1053 921 1164 960 dum
1204 920 1347 961 classe
1393 924 1662 972 congregata
1709 921 1755 960 in

114 993 325 1035 Scaniam
358 995 658 1049 persequitur,
690 994 746 1034 ad
781 993 933 1034 sinum
966 993 1156 1046 appulit,
1189 1006 1325 1047 quem
1360 993 1526 1045 uulgus
1560 993 1753 1032 Fotauik

47 1073 87 1105 10
113 1067 352 1108 consueuit
383 1079 661 1120 nuncupare.
726 1066 809 1108 Cui
849 1065 978 1119 plebs
1011 1065 1344 1118 Scaniensium,
1391 1078 1569 1118 semper
1607 1065 1755 1118 probi-

111 1143 200 1181 tate
246 1140 444 1193 pollens‚
499 1139 712 1180 uniuerse
758 1143 872 1179 terre
919 1137 1213 1178 multitudine
1259 1141 1518 1189 corrogata,
1572 1142 1754 1178 caterua

111 1213 321 1253 decenter
352 1216 512 1253 ornata
545 1224 780 1253 occurrere
812 1225 905 1252 non
938 1211 1223 1261 detrectauit;
1271 1210 1476 1264 initoque
1509 1221 1753 1262 congressu

113 1286 345 1337 Magnum,
376 1284 494 1337 regis
519 1284 681 1336 filium,
713 1284 805 1324 iarn
832 1284 939 1324 dicti
971 1283 1153 1324 sceleris
1185 1287 1407 1335 autorem,
1440 1295 1545 1323 curn
1571 1283 1754 1322 duobus

111 1357 369 1411 presulibus
415 1358 472 1397 ad
519 1357 708 1397 Tartara
754 1356 1036 1397 trucidantes
1080 1355 1444 1396 transmiserunt.
1537 1355 1754 1395 Nicolaus

46 1434 85 1465 15
110 1429 262 1484 itaque
300 1443 378 1471 rex
417 1429 579 1482 uictus,
626 1432 733 1470 nato
772 1428 940 1482 pariter
978 1433 1019 1469 et
1050 1428 1216 1469 herede
1249 1428 1449 1480 orbatus,
1498 1427 1752 1469 Slesuicum

110 1502 294 1555 nauigio
326 1502 560 1543 contendit
572 1518 581 1553 3
628 1501 707 1542 ubi
739 1501 863 1542 ciues
896 1514 1001 1542 eum
1034 1500 1153 1541 intra
1186 1500 1325 1541 menii
1359 1503 1483 1553 septa
1517 1504 1748 1553 receptum

110 1575 281 1628 perfide
311 1575 609 1616 trucidarunt.

805 1785 930 1827 CAP.
963 1785 1055 1826 XV.

203 1857 454 1947 Rstquam
488 1892 663 1939 Ericus,
709 1896 861 1933 eterna
904 1890 1068 1943 dignus
1100 1891 1337 1943 memoria,
1384 1891 1550 1932 eximia
1582 1891 1752 1945 potitus

109 1965 298 2007 uictoria
329 1965 376 2005 in
408 1977 519 2018 pace
550 1976 741 2018 regnum
775 1964 1048 2015 obtinuerat,
1096 1963 1322 2016 prefatum
1357 1964 1693 2005 Christiarnum
1727 1978 1749 2004 e

40 2047 82 2078 20
108 2037 305 2079 uinculis
342 2037 565 2078 liberauit.
629 2037 720 2088 Qui
765 2040 919 2077 tamen
966 2036 1104 2089 paulo
1152 2039 1254 2089 post
1292 2036 1338 2075 in
1382 2036 1748 2089 consanguineos

107 2123 215 2151 suos
261 2109 466 2150 inaudita
505 2109 770 2150 crudelitate
810 2108 1016 2149 deseuire
1058 2108 1187 2161 cepit.
1251 2108 1432 2161 Quippe
1478 2119 1747 2160 germanum

107 2195 242 2224 suum
290 2182 544 2222 Haraldum
592 2181 750 2232 Kesiae,
797 2181 844 2221 in
891 2180 1016 2221 curia
1064 2193 1145 2220 sua
1191 2180 1343 2232 Jaling
1389 2184 1747 2233 pernoctantem,

105 2255 374 2308 intempeste
414 2254 559 2295 noctis
600 2253 779 2294 silentio
821 2254 877 2293 ad
925 2252 1207 2306 colloquium
1254 2252 1358 2293 feeit
1399 2253 1594 2293 euocari.
1658 2254 1747 2304 Qui

106 2328 160 2369 de
199 2328 314 2368 lecto
354 2326 504 2367 subito
547 2339 592 2367 se
631 2325 902 2379 proripiens,
950 2325 1083 2378 plane
1121 2324 1309 2365 inermis
1341 2324 1547 2378 nihilque
1579 2325 1748 2365 sinistri

39 2409 80 2440 25
107 2399 377 2453 suspicatus,
427 2400 484 2439 ad
532 2410 681 2451 regem
729 2402 771 2438 et
809 2398 993 2438 fratrem
1034 2410 1168 2438 suum
1217 2397 1423 2437 concitus
1470 2397 1745 2450 properauit.

107 2472 253 2523 Quem
294 2471 416 2512 illico
456 2470 748 2512 catholiciani
789 2470 1083 2523 corripientes
1124 2473 1259 2522 caput
1300 2469 1397 2509 eius
1435 2473 1744 2522 amputarunt.

107 2544 287 2585 Modico
319 2543 484 2584 deinde
515 2543 734 2596 temporis
767 2542 1008 2583 interuallo
1042 2546 1255 2595 nepotem
1288 2555 1421 2581 suum
1453 2541 1745 2592 Biornonem,

104 2616 261 2670 iniqua
313 2615 688 2669 compensatione
739 2614 958 2655 talionem
1011 2614 1226 2663 reddens,
1281 2613 1533 2667 captiuauit
1578 2627 1745 2654 annex-

189 2820 251 2857 Ad
283 2821 321 2857 S.
383 2821 418 2857 9.
450 2821 501 2856 ad
533 2821 672 2856 sinum
705 2819 867 2866 appulit
898 2822 984 2862 etc,
1016 2818 1086 2865 cfr.
1117 2818 1225 2854 Saxo
1254 2830 1292 2865 p.
1327 2818 1414 2864 654,
1437 2819 1455 2854 1
1489 2829 1523 2853 cz.
1559 2817 1580 2854 ι’.
