2150 3584
599 181 893 211 COMPENDIVM
927 182 1123 212 SAXOle.
1174 184 1256 212 Lm.
1290 184 1344 212 xv
1711 176 1793 214 433

147 299 299 336 autem
333 307 471 335 causa
498 295 713 346 Eskillus,
746 295 864 335 datis
899 296 1166 337 muneribus
1201 297 1289 347 regi
1324 301 1363 337 et
1396 298 1616 338 Absoloni
1650 300 1794 338 omni-

147 367 320 420 busque
357 366 517 407 amicis
560 367 667 414 suis,
715 379 769 407 ac
801 367 1018 408 omnibus
1051 381 1186 421 super
1217 382 1320 409 eum
1357 373 1573 422 tanquam
1611 371 1794 411 vlterius

147 452 239 480 non
286 439 536 480 videndum
586 439 892 491 plorantibus,
953 441 1009 480 de
1057 440 1245 481 Sleswik
1298 441 1341 480 in
1389 441 1686 482 Clareuallem
1738 444 1791 483 ad

147 515 356 552 sanctum
406 511 690 551 Bernardum
739 511 950 552 abbatem
1001 512 1230 565 profectus
1277 517 1354 552 est.
1449 514 1608 554 Postea
1664 515 1791 566 legati

147 583 262 636 regis
293 595 398 624 cum
433 583 758 624 Lundensibus
796 597 878 637 pro
912 584 1142 625 Absolone
1181 585 1225 624 in
1260 585 1655 638 archiepiscopum
1692 599 1794 626 con-

147 655 375 696 firmando
408 668 566 696 versus
599 656 773 696 curiam
809 656 1186 709 proficiscuntur;
1219 661 1503 697 transeuntes
1538 662 1687 698 autem
1718 672 1795 712 per

147 726 447 768 Clareuallem
482 732 779 781 sumpserunt
811 740 966 769 secum
1000 729 1169 769 litteras
1204 729 1364 768 Eskilli
1398 729 1565 769 ibidem
1606 731 1794 781 inuenti,

146 799 255 854 quid
294 812 387 840 non
428 800 607 841 modice
646 800 956 854 reputacionis
987 801 1109 853 apud
1144 813 1310 853 papam
1347 805 1457 841 erat.¹
1518 802 1610 842 Nec
1642 803 1795 843 minus

145 871 349 912 Absolon
376 875 418 912 et
436 872 760 913 Roskildenses
786 873 978 913 nuncios
1004 874 1060 913 ad
1088 874 1260 913 curiam
1293 873 1528 923 miserunt,
1562 875 1794 927 proposito

147 943 464 984 Lundensium
511 945 824 985 reclamantes.
907 945 1085 985 Auditis
1132 949 1286 986 autem
1336 946 1516 985 nunciis
1563 946 1795 1000 Vtriusque

146 1016 300 1069 partis,
347 1029 466 1070 papa
513 1017 637 1057 misit
685 1018 883 1069 legatum
930 1018 1189 1058 Galandum
1238 1017 1284 1057 in
1333 1018 1537 1070 Daciam,
1585 1018 1662 1072 qui
1711 1019 1795 1058 sub

146 1101 338 1130 censura
394 1089 894 1130 excommunicacionis
947 1091 1225 1131 Absolonem
1282 1094 1459 1142 cogeret
1513 1090 1567 1130 ad
1626 1091 1795 1131 archie-

145 1162 435 1215 piscopatum
469 1162 771 1210 sumendum3
819 1162 898 1216 qui
939 1175 1043 1203 eum
1085 1163 1130 1202 in
1165 1162 1353 1202 ecclesia
1388 1162 1623 1202 Lundensi
1657 1163 1795 1216 pallio

145 1233 392 1286 decorauit,
439 1246 492 1274 ac
524 1234 729 1288 sequenti
762 1234 834 1275 die
869 1235 1138 1285 Homerum,
1183 1234 1375 1275 electum
1410 1234 1670 1287 Ripensem‚
1718 1247 1796 1287 per

145 1318 250 1346 eum
308 1307 354 1346 in
408 1306 677 1360 episcopum
735 1306 993 1347 consecrari
1040 1306 1154 1347 fecit.
1248 1306 1588 1347 Nichilominus
1640 1310 1791 1347 tamen

145 1378 347 1436 Absolon
396 1392 475 1432 per
521 1393 689 1433 papam
741 1380 992 1433 permissus
1039 1383 1104 1419 est
1152 1378 1499 1419 Roskildensem
1556 1379 1793 1419 ecclesiam

145 1451 418 1503 gubernare3
466 1452 531 1493 sic
577 1453 698 1493 enim
747 1465 866 1506 papa
913 1451 1089 1505 Vtrique
1132 1450 1249 1503 parti
1292 1451 1572 1491 Absolonem
1620 1451 1794 1504 optanti

145 1524 607 1565 condescendendum
642 1524 833 1578 putauit.

627 1708 706 1748 EX
741 1708 850 1748 LIB.
886 1708 977 1748 XV.
1041 1705 1310 1749 SAXONIS.

232 1814 263 1854 I.
333 1778 542 1857 Accidit
573 1818 739 1866 autem,
772 1818 819 1855 vt
851 1814 1010 1855 nauim
1042 1815 1290 1854 honustam
1324 1813 1558 1864 clenodiis,
1591 1813 1681 1864 regi
1716 1826 1794 1866 per

145 1899 355 1927 socerum
388 1900 523 1927 suum
557 1886 761 1940 missam,
795 1886 920 1928 Slaui
950 1886 1147 1926 totaliter
1179 1886 1449 1939 spoliarent3
1487 1898 1684 1939 cumque
1717 1897 1794 1925 rex

142 1959 294 1999 ablata
326 1962 558 2012 repeteret,
591 1959 841 2012 superbum
874 1971 1147 2012 responsum
1182 1971 1319 2011 super
1342 1957 1540 2011 priorem
1576 1957 1791 1997 iniuriam

143 2031 431 2072 addiderunt.
495 2032 685 2084 Propter
724 2032 847 2085 quod
886 2044 964 2071 rex
997 2030 1200 2072 Slauiam
1238 2030 1470 2082 ingressus
1511 2029 1654 2069 multa
1693 2030 1792 2070 loca

145 2104 391 2144 deuastans
431 2114 647 2155 magnam
686 2104 876 2157 predam
915 2103 1178 2156 reportauit.
1243 2103 1412 2142 Iterum
1445 2105 1546 2154 post
1580 2102 1791 2154 hyemem

146 2175 490 2228 expedicionem
522 2175 786 2216 instaurans
817 2176 1097 2216 Absolonem
1138 2174 1536 2227 archiepiscopum
1571 2177 1612 2212 et
1644 2172 1791 2212 filium

232 2274 264 2310 1.
298 2273 581 2320 omnibusque
614 2272 846 2320 Lunyebelc3
879 2273 1076 2309 omnibus
1103 2273 1192 2317 VA3
1225 2282 1273 2307 ac
1304 2271 1501 2307 omnibus
1534 2270 1572 2305 S.
1635 2269 1668 2305 3.
1704 2270 1793 2305 sles-

143 2331 253 2366 wich
299 2331 345 2368 V.
433 2331 469 2367 5.
520 2330 816 2366 Lundensibus
859 2330 978 2375 Saxo,
1029 2330 1212 2375 idemque.
1257 2328 1462 2375 siyniftcut
1505 2327 1789 2372 compendium

144 2387 243 2423 lfidfi
274 2388 327 2433 V;
373 2384 488 2425 lunb’
522 2388 586 2423 AS
617 2388 794 2432 (Lundia
829 2388 888 2423 vel
920 2387 1099 2429 Lundis;
1145 2396 1243 2421 num
1277 2396 1372 2420 curn
1403 2395 1479 2430 pro
1511 2384 1792 2419 coniunctione

143 2446 409 2491 acceperunt).
473 2445 506 2481 6.
540 2445 912 2491 proficiscerentur
943 2444 1019 2480 AS.
1095 2442 1478 2485 Transeuntibusc)
1510 2442 1553 2476 Α.
1626 2441 1660 2475 8.
1693 2441 1790 2486 quia

142 2501 304 2547 scripsi,
344 2502 416 2548 qui
448 2502 559 2538 codd.
636 2502 840 2546 modici(!)
874 2501 914 2536 S.
976 2501 1009 2536 9.
1043 2500 1262 2547 propositfi
1289 2499 1328 2535 S.
1394 2499 1456 2536 11.
1490 2497 1713 2544 galandum
1748 2497 1788 2532 in

144 2558 364 2594 erlandum
397 2569 498 2595 corr.
532 2558 590 2595 S2.
666 2559 707 2594 in
742 2558 912 2594 Daciam
946 2568 1023 2593 om.
1057 2557 1095 2593 S.
1168 2558 1230 2592 19.
1266 2555 1387 2591 Nulla
1419 2555 1485 2590 In'c
1516 2555 1556 2590 in
1589 2553 1790 2589 codicibus

145 2615 353 2662 inscriptio
366 2629 378 2661 ,·
425 2616 466 2652 in
502 2617 537 2651 V
566 2617 700 2651 tumen
731 2617 950 2661 supersunt
976 2614 1153 2660 vestigia,
1187 2612 1331 2659 quibus
1364 2611 1462 2647 noui
1484 2612 1622 2646 saltem
1648 2610 1789 2656 cupitis

145 2673 307 2709 initium
340 2673 606 2719 significatur.
668 2672 739 2717 Eu,
779 2682 869 2718 quoe
901 2670 1078 2707 versibus
1109 2669 1262 2706 20--24
1301 2667 1789 2714 (Accidit..reportauit)

145 2730 397 2776 respondent,
432 2730 544 2776 apud
574 2728 777 2765 Suxonem
812 2728 851 2764 in
885 2727 986 2764 libro
1018 2727 1107 2763 XIV
1137 2728 1190 2772 (p.
1225 2726 1301 2762 920
1326 2737 1408 2772 sqq.
1441 2725 1496 2760 ed.
1531 2723 1612 2768 Ml.)
1647 2724 1790 2769 reperi-

145 2789 289 2831 untur,·
329 2787 398 2823 sed
429 2787 671 2833 epitomutor
699 2796 744 2821 eu
776 2796 858 2821 non
893 2785 1031 2820 inscite
1061 2783 1140 2820 Izuc
1172 2783 1387 2819 transtulit.
1462 2781 1627 2817 20—21.
1670 2780 1789 2816 nauis

144 2844 362 2879 honestam
379 2847 417 2888 (t)
449 2844 501 2886 Ᾱ;
549 2843 668 2878 nauis
708 2845 858 2878 onusta
899 2842 959 2885 cl.‚
1005 2852 1086 2888 que
1126 2841 1211 2886 regi
1254 2851 1290 2886 p.
1329 2851 1358 2875 s.
1393 2850 1422 2874 s.
1464 2838 1541 2874 fuit
1582 2838 1708 2873 missa
1748 2836 1786 2872 S.

145 2901 208 2937 21.
240 2912 334 2936 cum
367 2904 458 2945 (om.
483 2902 578 2947 que)
604 2900 642 2935 S.
705 2900 768 2935 24.
802 2899 973 2945 predam
1000 2909 1077 2934 om.
1103 2898 1142 2941 S,
1173 2897 1242 2933 sed
1267 2897 1307 2931 in
1334 2906 1460 2942 mul-9.
1489 2893 1537 2931 82
1569 2895 1786 2930 victoriam

144 2957 310 3002 addidit,
342 2961 434 3004 post
465 2966 654 3003 magnam
690 2956 961 2992 inserendum.
1038 2955 1218 2990 hiemem
1253 2954 1295 2990 V.

1825 955 1864 985 10

1824 1317 1863 1346 15

1822 1825 1863 1855 20

1818 2186 1859 2216 25
