2150 3584
327 1368 367 1399 10

321 2042 361 2073 15

318 2404 360 2434 20

316 2767 357 2797 25

404 231 483 270 138
742 241 1016 270 scmp‘ronsss
1051 241 1278 271 HlsromAE
1309 242 1485 271 DANICAE
1518 242 1717 272 M1NORES

1197 356 1252 414 X

398 466 484 515 tur,
532 463 577 502 in
616 474 728 503 coxa
768 463 881 502 haut
921 462 1103 504 modico
1143 463 1333 503 uulnere
1371 467 1598 517 percepto,
1645 463 1804 505 diuina
1836 465 2042 518 elapsum

399 534 691 574 conseruauit
715 520 869 586 gratia.
918 535 973 574 Vt
1006 539 1159 575 autem
1192 520 1265 589 <α>
1297 535 1502 575 uulneris
1527 535 1684 575 dolore
1715 535 2045 589 aliquantisper

398 606 647 659 conualuit,
679 605 737 659 (in
770 606 1069 659 Jut)landiam
1102 607 1332 660 profectus
1364 607 1612 648 exercitum
1644 609 1947 661 congregauit.

1072 817 1196 859 CAP.
1231 818 1368 859 XVII.

492 889 671 967 Sueno
712 910 859 979 (uero)
892 924 1110 978 prefatus,
1156 938 1235 966 rex
1266 925 1539 978 ScaniensiS,
1586 938 1832 967 occurrens
1863 926 2043 967 Walde-

397 1010 539 1048 maro,
585 997 678 1049 regi
710 997 846 1049 Jutie,
893 1010 1025 1038 secus
1064 997 1279 1038 Gratham
1320 997 1516 1051 prelium
1555 998 1767 1039 inierunt.
1830 999 1923 1039 Nec
1963 999 2042 1040 diu

395 1082 563 1123 anceps
603 1070 745 1110 extitit
784 1069 989 1121 uictoria,
1038 1082 1144 1110 cum
1178 1070 1328 1111 Sueno
1366 1070 1516 1111 uictus
1556 1083 1697 1111 manu
1735 1070 1903 1112 rustica
1936 1070 2044 1125 peri·

396 1142 546 1183 mitur.
639 1142 801 1196 Sicque
858 1155 935 1182 rex
987 1142 1311 1183 Waldemarus
1362 1143 1584 1196 gloriosus
1644 1143 1791 1184 uictor
1849 1155 2042 1196 regnum

395 1215 603 1256 obtinuit.
667 1214 756 1266 Qui
803 1216 1102 1268 postmodum
1150 1215 1352 1270 quinque
1398 1216 1553 1256 lustris
1600 1220 1642 1257 et
1680 1216 1863 1257 duobus
1909 1216 2042 1258 annis

393 1287 519 1340 regni
557 1287 841 1339 gubernabat
881 1287 1141 1340 imperium.
1207 1288 1291 1328 Hic
1330 1291 1456 1328 tanta
1503 1288 1684 1329 uirtutis
1730 1289 1873 1341 gloria
1915 1289 2042 1341 regni

393 1359 729 1412 persecurizauit
780 1360 1023 1412 terminos,
1086 1364 1133 1400 ut
1180 1361 1423 1401 Slauorum
1470 1361 1715 1412 feritatem,
1775 1361 1854 1416 qui
1900 1361 2040 1415 prius,

393 1432 615 1472 seditione
662 1436 865 1472 estuante
912 1432 1147 1485 intestina,
1204 1433 1447 1474 uniuersos
1494 1433 1608 1474 fines
1655 1433 1912 1474 maritimos
1957 1446 2041 1475 nec

392 1517 485 1544 non
518 1508 559 1545 et
590 1504 765 1545 insulas
797 1505 1209 1559 depopulauerunt,
1252 1505 1504 1559 pacificatis
1545 1505 1743 1546 marium
1775 1505 2040 1547 transitibus

392 1589 472 1617 sue
503 1576 820 1629 iurisdictioni,
854 1577 940 1618 sibi
972 1590 1050 1619 eos
1083 1578 1365 1620 constituens
1397 1578 1676 1631 tributarios,
1720 1577 2038 1633 subiugauerit.

1056 1851 1180 1894 CAP.
1214 1851 1375 1893 XVIII.

488 1924 605 2001 Hic
645 1958 748 1999 licet
786 1959 930 1999 multa
970 1959 1191 2000 memorie
1231 1958 1368 2011 digna
1410 1958 1671 2012 patrauerit,
1716 1959 1836 2000 trino
1882 1962 2035 2000 tamen

388 2036 607 2085 tanquam
657 2032 871 2084 syderum
919 2031 1091 2083 fulgore
1138 2031 1235 2072 eius
1282 2031 1557 2085 splendescit
1603 2031 1837 2072 memoria.
1917 2032 2036 2072 Nam

387 2089 576 2158 (primo)
615 2103 661 2143 in
704 2103 832 2156 uirga
864 2103 1008 2144 ferrea
1040 2107 1081 2143 et
1112 2103 1302 2144 brachio
1336 2107 1514 2144 extento
1548 2104 1749 2157 Ryenses
1781 2103 1897 2144 sacri
1929 2103 2036 2157 bap-

387 2176 582 2217 tismatis
628 2176 851 2229 compulit
896 2176 1020 2216 unda
1064 2176 1253 2216 renasci.
1323 2176 1585 2216 Secundum
1635 2189 1814 2230 quoque
1857 2175 2035 2228 insigne

387 2249 483 2300 fuit,
526 2250 649 2302 quod
682 2248 859 2302 primus
890 2248 937 2288 in
971 2249 1148 2301 Sproua
1181 2248 1331 2289 insula
1363 2249 1417 2288 de
1449 2248 1589 2289 coctis
1621 2248 1839 2289 lateribus
1870 2247 2033 2289 turrim

388 2321 651 2361 construxit.
738 2321 943 2361 Tertium
996 2325 1149 2361 autem
1203 2321 1308 2373 fuit,
1365 2322 1486 2375 quod
1546 2321 1723 2374 primus
1781 2320 2033 2361 Daniuerki

387 2393 578 2433 lateritio
623 2406 756 2433 muro
803 2393 965 2444 refecit,
1013 2407 1142 2446 quem
1189 2397 1343 2434 tamen
1391 2397 1536 2434 morte
1577 2397 1824 2446 preuentus
1870 2393 2033 2446 imper-

385 2466 552 2506 fectum
585 2465 778 2518 reliquit.
852 2465 956 2505 Fuit
988 2465 1110 2506 enim
1143 2466 1214 2506 uir
1248 2465 1334 2506 uite
1368 2466 1557 2519 probate
1590 2479 1669 2518 per
1701 2466 1871 2518 omnia,
1918 2466 2032 2507 facie

386 2542 621 2589 uenustus,
648 2538 835 2589 facetus,
858 2538 1092 2591 discretus,
1117 2549 1267 2590 sagax,
1295 2538 1341 2578 in
1361 2538 1564 2579 consiliis
1592 2537 2031 2591 perspicacissimus,

386 2615 612 2663 strenuus,
645 2609 774 2650 miles
799 2610 1016 2663 egregius,
1049 2611 1176 2651 omni
1201 2610 1458 2650 urbanitate
1482 2609 1708 2662 refermus),
1743 2609 2030 2662 uictoriosus,

384 2683 623 2735 gratiosus,
663 2682 952 2723 successibus
985 2696 1165 2736 semper
1195 2683 1452 2732 abundans,
1497 2682 1543 2722 in
1576 2695 1684 2723 suos
1714 2685 1892 2723 tantum
1927 2682 2029 2735 plus

384 2755 503 2796 iusto
535 2752 925 2807 (indulqenli0r(‘2)).

472 2872 506 2908 4.
549 2871 771 2918 praefectus
814 2883 885 2908 rex
917 2872 1138 2909 caniensis.
1231 2872 1264 2909 5.
1304 2873 1510 2909 oratham.
1602 2872 1712 2908 6-7,
1757 2872 2026 2919 promittitur.

387 2929 421 2964 7.
462 2929 625 2974 griosus
664 2927 759 2977 (pro
794 2927 983 2977 gtiosus).
1078 2930 1140 2966 10.
1184 2930 1478 2976 proficiscatur
1515 2927 1579 2977 (eae
1613 2919 1825 2977 pseEisauit
1863 2930 2024 2975 ortum).

389 2986 449 3022 11.
484 2988 681 3022 exstante.
749 2986 809 3022 13.
844 2986 1099 3032 subrogauit.
1166 2988 1226 3023 16.
1261 2987 1302 3022 in
1336 2987 1447 3033 virga
1481 2986 1628 3030 ferrea,
1656 2986 1727 3032 cfr.
1752 2985 1899 3022 Psalm.
1924 2987 1960 3032 2,
1982 2987 2026 3031 9,-

385 3042 546 3088 Apocal.
582 3042 712 3088 2,27‚·
755 3043 878 3086 12,5‚·
914 3043 974 3088 19,
997 3043 1066 3087 15;
1113 3043 1288 3079 brachio
1321 3046 1498 3089 extento,
1543 3043 1614 3089 cfr.
1648 3043 1862 3079 Deuteron.
1896 3042 1932 3088 4,
1953 3042 2025 3088 34,-

385 3099 418 3143 5,
443 3099 515 3144 15;
549 3100 584 3143 9,
603 3099 675 3143 29,·
708 3099 802 3145 Rey.
830 3099 893 3145 IV,
929 3099 989 3143 17,
1012 3100 1082 3145 36‚·
1112 3101 1250 3137 Ierem.
1276 3100 1338 3146 27,
1358 3101 1401 3145 5,-
1435 3100 1497 3146 32,
1520 3100 1580 3137 17.
1601 3100 1671 3145 21,-
1704 3099 1843 3137 Ezech.
1877 3100 1941 3146 20,
1961 3099 2022 3137 33.
