2150 3584
475 174 692 203 SVENONIS
724 174 915 203 AGGONIS
949 175 1050 202 FILII
1086 174 1167 202 LEX
1200 174 1466 202 CASTRENSIS
1731 163 1782 202 87

945 286 983 346 S

147 396 278 448 rigor,
325 395 579 435 dummodo
626 395 795 435 factum
843 395 1040 434 duorum
1085 393 1450 433 commilitonum
1501 394 1785 433 attestatione

145 467 407 519 constiterit,
454 467 626 507 nullam
662 479 849 520 prorsus
882 465 1203 506 satisfactionis
1236 465 1431 505 admittit
1465 466 1783 519 expiationem.

146 539 280 590 Quod
326 544 476 580 tamen
519 540 844 580 modernorum
893 539 1053 579 lenitas
1101 551 1223 577 nouo
1272 537 1379 589 legis
1427 542 1784 590 temperamento

147 611 349 663 mitigare
391 612 519 665 cepit.
584 611 697 651 Nam
742 611 778 651 si
811 615 902 651 tam
937 610 1136 651 euidenti
1178 609 1306 661 signo
1340 610 1409 649 uel
1445 610 1697 650 testimonio
1731 611 1784 650 de

101 692 120 722 5
146 684 262 724 facto
294 684 557 731 constiterit,
592 687 636 723 ut
669 696 773 723 reus
799 683 1065 737 neutiquam
1091 682 1370 723 inficiatione
1399 695 1444 722 se
1471 682 1583 722 tueri
1611 682 1785 734 poterit,

145 756 326 809 placuit,
375 760 421 796 ut
460 756 556 797 eius
589 756 782 809 pedibus
815 755 1152 803 aduolnoeretur,
1200 754 1271 795 cui
1312 754 1586 794 uerecundie
1624 767 1784 807 oppro-

144 828 291 869 brium
331 828 495 877 intulit,
544 832 591 868 ut
630 828 690 868 ita
730 827 1091 868 abiectissimum
1132 828 1329 867 dedecus
1369 826 1627 866 humillima
1661 826 1785 866 satis-

143 900 352 942 factionis
393 901 588 941 formula
629 900 898 953 expiaretur.
962 899 1038 940 Sin
1078 903 1231 939 autem
1277 902 1402 939 actor
1433 912 1560 938 reum
1596 898 1784 938 testibus

142 973 413 1014 conuincere
457 986 547 1013 non
589 972 795 1024 ualuerit,
841 971 1036 1024 generali
1077 971 1400 1012 constitutione
1442 972 1671 1011 decretum
1707 974 1784 1020 est,

77 1053 116 1084 10
142 1048 191 1085 ut
220 1044 272 1096 is,
304 1045 382 1099 qui
414 1044 735 1096 calumniatur,
768 1057 872 1085 cum
907 1057 983 1085 sex
1016 1043 1410 1085 commilitonibus
1443 1055 1573 1083 suam
1604 1043 1785 1083 aboleat

141 1116 392 1158 infamiam.

753 1313 874 1355 CAP.
911 1313 1031 1353 XIII.

485 1401 563 1441 DE
597 1401 791 1442 VARIIS
826 1401 1148 1442 PLAGARVM
1184 1400 1435 1441 CASIBVS.

235 1473 387 1552 Sicut
418 1508 594 1562 antiqui
626 1508 847 1561 serpentis
879 1507 1005 1548 uarie
1039 1511 1145 1547 sunt
1176 1507 1500 1559 suggestiones,
1548 1507 1606 1546 ita
1650 1518 1783 1546 casus

139 1580 458 1622 lacessentium
492 1584 596 1620 sunt
629 1580 809 1620 diuersi.
865 1580 981 1620 Nam
1015 1583 1056 1619 et
1089 1580 1358 1633 plerumque
1390 1579 1568 1629 accidit,
1602 1583 1650 1618 ut
1681 1578 1783 1632 quis

139 1653 265 1694 alteri
318 1657 397 1694 aut
449 1653 596 1693 sciens
650 1657 728 1692 aut
776 1653 959 1705 ignarus
1006 1652 1178 1692 uulnus
1224 1652 1419 1704 infligat3
1480 1652 1586 1692 item
1635 1651 1783 1692 sciens

73 1732 112 1763 15
139 1726 415 1780 quandoque
447 1738 597 1775 suum,
630 1725 907 1779 quandoque
940 1738 1032 1765 non
1066 1738 1201 1764 suum
1234 1724 1387 1774 laedat,
1424 1724 1531 1764 item
1567 1724 1781 1776 ignorans

138 1802 216 1839 aut
254 1811 387 1838 suum
430 1802 508 1838 aut
554 1810 659 1837 non.
737 1797 782 1838 Si
828 1797 930 1851 quis
972 1810 1106 1837 suum
1147 1796 1508 1837 commilitonem
1553 1796 1699 1836 sciens
1742 1800 1783 1836 et

138 1871 340 1924 prudens
386 1869 715 1921 uulnerauerit,
761 1869 887 1910 iuxta
935 1869 1129 1910 formam
1178 1869 1475 1922 prescriptam
1524 1867 1780 1908 satisfaciet.

139 1942 184 1983 Si
216 1955 325 1983 uero
357 1942 564 1983 nesciens
597 1946 638 1982 et
669 1942 884 1994 ignorans
917 1941 1220 1982 commilitoni
1254 1954 1337 1981 suo
1371 1941 1540 1981 uulnus
1569 1940 1782 1989 intulerit,

139 2015 298 2056 uolens
329 2015 470 2055 alium
505 2015 664 2059 ledere,
714 2018 756 2054 et
787 2027 892 2055 eum
923 2026 1032 2054 casu
1065 2014 1227 2065 leserit,
1275 2013 1310 2054 si
1344 2017 1599 2053 conuentus
1632 2012 1779 2065 fuerit,

70 2093 112 2125 20
137 2087 440 2140 ignorantiam
488 2100 633 2139 suam,
660 2080 722 2127 ⁴et
767 2087 890 2141 quod
937 2087 1097 2126 nolens
1143 2085 1309 2137 fecerit,
1366 2085 1512 2125 tribus
1559 2084 1781 2125 commili-

135 2159 321 2201 tonibus
359 2160 675 2200 attestantibus
714 2159 954 2199 defendere
993 2163 1035 2199 et
1073 2171 1288 2199 excusare
1320 2158 1472 2207 debet,
1520 2157 1589 2198 sin
1623 2161 1776 2197 autem

135 2231 182 2272 in
213 2232 475 2273 defensione
507 2231 733 2283 defecerit,
765 2231 888 2271 iuxta
922 2235 1203 2284 pretaxatam
1232 2229 1555 2270 satisfactionis
1581 2230 1779 2270 formam

137 2316 242 2344 eum
274 2304 367 2345 leso
400 2308 655 2357 componet.
716 2303 761 2344 Si
794 2303 896 2356 quis
928 2316 1037 2343 uero
1071 2302 1219 2343 sciens
1252 2307 1293 2342 et
1326 2303 1528 2355 prudens
1561 2301 1782 2342 commili-

136 2376 231 2417 toni
264 2389 346 2417 suo
381 2377 549 2417 uulnus
580 2375 794 2427 intulerit,
825 2375 1042 2427 ignorans
1074 2378 1224 2414 autem
1253 2387 1299 2415 se
1323 2374 1387 2414 illi
1413 2375 1506 2426 lege
1534 2374 1781 2427 prescripta

69 2456 111 2487 25
136 2448 370 2489 astrictum
403 2448 608 2500 obligari,
651 2447 971 2488 huiuscemodi
1012 2447 1315 2498 ignorantiam
1349 2460 1373 2486 a
1406 2446 1781 2499 transgressionis

131 2524 260 2582 'reatu
304 2534 397 2561 non
438 2533 654 2561 excusare
696 2519 878 2573 placuit.
942 2520 1059 2559 Nam
1100 2523 1141 2559 et
1181 2519 1350 2559 eisdem
1385 2519 1559 2571 legibus
1593 2523 1779 2559 cautum

118 2596 221 2644 fest,
273 2606 329 2633 ne
375 2593 477 2647 quis
524 2592 734 2632 militaris
781 2591 1041 2632 excellentie
1088 2591 1248 2632 florem
1296 2591 1548 2643 ignorantie
1596 2590 1781 2642 fuligine

137 2665 406 2706 obfuscaret.
455 2666 592 2705 Decet
615 2665 737 2705 enim
762 2665 951 2704 honeste
977 2663 1147 2714 uiuere,
1180 2668 1219 2704 et
1245 2663 1354 2704 clari
1389 2663 1624 2714 sanguinis
1657 2662 1781 2702 uiros

136 2736 389 2789 ignorantie
444 2737 618 2777 desidia
668 2736 846 2777 nobiles
892 2736 1047 2776 titulos
1094 2748 1185 2776 non
1233 2735 1481 2787 denigrare.
1574 2735 1780 2776 Generali

9 2826 15 2831 ·
70 2819 112 2851 30
137 2808 287 2862 itaque
328 2809 650 2850 constitutione
690 2808 928 2849 definitum
971 2811 1050 2855 est,
1097 2820 1258 2848 omnes
1297 2808 1646 2859 controuersias,
1694 2820 1781 2861 que

221 2914 283 2950 Ad
324 2914 363 2950 S.
424 2915 488 2951 28.
535 2915 662 2951 Decet
706 2915 881 2950 honeste
928 2913 1086 2957 uiuere,
1132 2912 1202 2958 cfr.
1243 2912 1392 2959 Diqest.
1433 2913 1461 2953 Ι,
1498 2913 1625 2957 1,10.·
1673 2913 1780 2948 Iuris

138 2974 347 3018 praecepta
379 2975 474 3008 sunt
508 2973 622 3009 haec:
655 2972 877 3007 honeste
909 2971 1107 3015 vivere,
1138 2970 1313 3006 alterum
1350 2981 1432 3006 non
1466 2970 1629 3013 laedere,
1656 2980 1778 3005 suum

139 3028 290 3074 cuique
321 3028 516 3065 tribuere.
