2150 3584
368 228 544 256 mciffl‘ri
579 227 797 255 Aurxroms
829 227 1111 254 ‹uim-:aroum
1149 227 1296 254 imnum
1336 227 1469 253 υΛΝικ
1658 216 1733 253 189

96 342 215 395 regni
263 346 303 382 et
348 341 464 393 regie
520 341 751 394 potestatis
798 341 1059 393 relinquens
1102 340 1345 385 Ericum,
1393 328 1554 392 <silium
1605 325 1733 390 natu>

94 414 328 465 maiorem,
360 414 415 454 de
447 426 538 467 quo
572 426 707 466 supra
743 413 933 454 fecimus
967 413 1258 453 mentionem.

179 486 268 538 Qui
313 485 472 526 Ericus
507 485 629 537 regni
664 485 801 526 libere
836 489 994 526 nactus
1029 485 1231 524 habenas
1265 488 1528 537 potestatem
1566 484 1730 535 regiam

94 558 296 599 honestis
328 558 560 598 decorauit
594 557 813 605 moribus,
846 557 940 597 suis
966 557 1218 597 beneuolus
1247 560 1287 596 et
1312 556 1588 596 aduersariis
1613 556 1734 595 terri-

95 631 209 671 bilis.
273 630 495 671 Sustinuit
541 642 724 683 quoque
772 630 938 670 multas
985 630 1042 670 ab
1083 629 1246 669 emulis
1292 628 1386 668 suis
1424 628 1767 677 aduersitates,.

93 705 239 744 donec
272 704 531 756 preualente
565 701 913 754 malignantium
948 702 1140 742 consilio
1174 702 1216 741 in
1253 701 1412 753 Vigilia
1447 700 1590 740 sancti
1623 701 1734 740 Lau-

94 775 224 816 rentii
257 788 361 816 cum
396 788 461 819 eo,
493 774 568 828 qui
604 788 649 814 se
682 775 851 825 oderat,
889 774 1019 828 quasi
1052 774 1201 815 amico
1235 771 1470 814 colludens
1503 773 1734 825 inopinate

94 848 282 901 capitur,
329 847 547 887 iniuriose
589 846 796 898 trahitur,
844 847 997 887 ferreis
1041 846 1329 898 mancipatur
1361 845 1662 897 compedibus
1694 849 1734 884 et

94 921 158 960 sic
196 920 242 960 in
282 920 495 972 cymbam
538 919 711 972 absque
743 919 812 959 dei
856 919 1107 959 reuerentia
1152 918 1379 972 proiectus
1422 930 1500 969 per
1539 916 1732 957 fluuium

96 993 180 1033 Slae
219 993 276 1032 ad
316 991 548 1032 vlteriores
580 995 731 1044 partes
763 991 965 1032 eiusdem
1002 991 1206 1031 Humi-nis
1240 990 1452 1031 velociter
1484 989 1736 1029 transuehi-

96 1069 178 1105 tur.
241 1064 410 1104 Videns
453 1063 587 1116 igitur
627 1076 672 1103 se
711 1077 788 1104 rex
827 1065 1022 1104 deuotus
1062 1063 1107 1103 in
1149 1063 1256 1104 lethi
1297 1062 1592 1104 constitutum
1633 1074 1735 1101 con-

95 1137 220 1184 finio,
251 1136 504 1189 recogitans
536 1149 682 1176 annos
715 1149 823 1176 suos
856 1136 899 1176 in
934 1136 1240 1177 amaritudine
1270 1136 1422 1176 anime
1448 1147 1540 1185 sue,
1574 1137 1736 1173 nautas

94 1210 196 1250 illos
229 1209 387 1250 mortis
419 1221 498 1249 sue
526 1209 735 1249 conscios
759 1209 924 1249 obnixe
950 1209 1140 1261 rogauit,
1173 1213 1353 1261 tempus
1378 1207 1465 1248 sibi
1491 1207 1560 1246 vel
1584 1206 1736 1246 breuis

95 1281 339 1335 penitentie
377 1285 418 1322 et
459 1281 760 1322 confessionis
799 1294 891 1322 non
934 1281 1099 1332 negari.
1173 1282 1307 1331 Quod
1350 1279 1537 1333 quidam
1585 1264 1735 1332 (dant)

94 1367 275 1404 eorum;
320 1367 427 1394 nam
460 1354 576 1394 inter
608 1367 654 1394 se
686 1357 728 1394 et
759 1353 804 1394 in
838 1354 926 1394 hoc
957 1353 1253 1403 dissidebant,
1285 1352 1385 1393 aliis
1419 1365 1594 1392 moram
1628 1355 1736 1391 tem-

95 1426 218 1479 poris
250 1426 569 1475 causantibus3
605 1426 662 1466 ad
693 1426 904 1467 Vltimum
939 1430 1089 1466 tamen
1123 1425 1168 1465 in
1202 1426 1291 1465 hoc
1324 1437 1417 1465 non
1451 1427 1625 1476 sponte,
1658 1423 1735 1463 sed

94 1499 225 1552 quasi
270 1498 428 1545 coacti,
475 1498 779 1546 consentiunt,
828 1503 871 1538 vt
917 1499 972 1538 ad
1022 1498 1192 1549 villam,
1239 1510 1327 1551 que
1375 1496 1583 1550 proxima
1630 1500 1737 1546 erat,

97 1571 359 1622 mitteretur,
392 1575 433 1611 et
464 1571 503 1611 ei
537 1570 772 1624 presbyter
804 1571 1117 1611 adduceretur
1176 1571 1278 1621 Quo
1311 1569 1583 1609 adueniente
1617 1568 1736 1608 idem

95 1655 171 1683 rex
203 1644 493 1684 vehementer
524 1643 760 1695 gestiebat,
807 1643 922 1684 nihil
955 1643 1075 1684 enim
1110 1643 1154 1683 in
1188 1641 1422 1683 retroactis
1453 1640 1738 1694 temporibus

98 1720 187 1756 tam
229 1716 439 1756 ardenter
477 1715 827 1767 desiderauerat,
875 1715 991 1756 sicut
1033 1716 1078 1755 in
1111 1714 1307 1769 presenti
1341 1714 1534 1754 articulo
1567 1713 1736 1754 exitum

97 1801 231 1828 suum
279 1789 443 1828 deuota
493 1787 670 1828 munire
717 1788 999 1829 contritione.
1081 1788 1196 1827 Nam
1245 1791 1470 1841 quantum
1518 1786 1737 1837 exiguitas

98 1860 302 1913 permisit
322 1860 542 1913 temporis
572 1859 815 1914 (siquidem
839 1861 1132 1901 vehementer
1157 1861 1215 1900 ab
1240 1859 1605 1900 interfectoribus
1629 1857 1738 1907 suis,

98 1933 365 1985 sanguinem
385 1945 520 1972 suum
539 1945 707 1973 canum
727 1946 852 1973 more
868 1933 1156 1986 lepusculum
1172 1931 1511 1986 insequentium
1530 1931 1738 1971 ardenter

98 2005 368 2057 sitientibus,
415 2002 686 2058 Vrgebatur),
733 2005 1068 2046 confessionem
1109 2018 1239 2045 suam
1280 2003 1482 2057 predicto
1515 2002 1737 2044 sacerdoti

99 2089 201 2118 cum
246 2078 446 2117 maxima
488 2077 638 2118 cordis
680 2077 950 2118 contritione
989 2088 1119 2129 agere
1152 2076 1429 2130 procurauit,
1477 2075 1736 2115 interiorem

97 2149 240 2190 animi
271 2150 477 2190 dolorem
511 2149 719 2190 exteriori
751 2150 1072 2190 demonstrans
1105 2148 1483 2189 manifestatione.
1540 2146 1740 2200 Capillos

98 2222 324 2276 siquidem
342 2221 450 2274 regii
469 2222 642 2275 capitis,
671 2234 808 2262 aureo
833 2222 1067 2274 quondam
1094 2221 1349 2261 diademate
1368 2219 1740 2269 circumuinctos,

99 2294 295 2347 propriis
327 2294 542 2334 manibus
574 2294 793 2334 violenter
825 2294 941 2347 cepit
973 2294 1182 2344 auellere,
1215 2293 1374 2333 oculos
1405 2291 1606 2332 lacrimis
1634 2291 1740 2331 irro-

98 2379 209 2418 rare,
255 2366 418 2407 faciem
458 2367 692 2419 quondam
733 2367 946 2406 decoram
980 2370 1021 2406 et
1053 2369 1292 2406 venustam
1326 2364 1554 2417 vnguibus
1586 2364 1740 2404 crude-

97 2439 196 2480 liter
213 2439 402 2490 sulcare,
427 2443 598 2491 pectus,
629 2438 799 2479 strenui
824 2438 973 2478 cordis
992 2438 1322 2484 habitaculum,
1349 2436 1513 2490 pugnis
1530 2436 1740 2477 atrociter

97 2512 287 2552 tundere
320 2515 361 2551 et
392 2511 547 2551 omnia
580 2511 800 2561 membra,
833 2510 1001 2564 quibus
1035 2523 1079 2549 se
1113 2522 1323 2562 peccasse
1357 2508 1578 2560 meminit,
1611 2509 1739 2561 penis

99 2583 350 2636 condignis,
391 2587 526 2635 prout
557 2582 916 2635 permittebatur,
956 2582 1131 2634 punire,
1171 2594 1364 2622 exorans
1397 2581 1738 2621 misericordem

100 2654 407 2696 misericordie
454 2655 799 2707 promissorem,
848 2658 893 2694 vt
939 2653 1070 2694 solita
1119 2653 1394 2706 benignitate
1438 2657 1479 2693 et
1523 2656 1739 2693 consueta

100 2727 299 2768 bonitate
345 2726 448 2775 sibi,
495 2727 597 2767 licet
643 2726 850 2778 indigno,
902 2725 1138 2779 propitiari
1185 2738 1276 2766 non
1325 2725 1555 2765 abnueret.
1634 2725 1739 2765 Post

100 2799 265 2839 factam
320 2799 453 2850 igitur
506 2799 840 2840 confessionem
896 2798 1096 2838 clamose
1150 2801 1339 2838 vocatus
1399 2798 1456 2837 ad
1518 2797 1739 2849 iugulum,

187 2908 220 2943 1.
252 2907 385 2943 filium
413 2911 512 2944 natu
537 2908 687 2945 addidi.
749 2909 783 2944 5.
810 2918 991 2954 quoque,
1024 2908 1046 2943 ι’.
1073 2918 1102 2943 e.
1135 2910 1285 2943 autem.
1352 2908 1410 2943 12.
1444 2907 1559 2943 Isaioe
1584 2907 1646 2951 38,
1668 2905 1739 2943 15:

100 2964 336 3009 recogitabo
383 2965 456 3000 tibi
504 2976 650 3001 omnes
696 2976 829 3001 annos
877 2975 992 3000 meos
1031 2965 1072 2999 in
1115 2964 1395 3000 amaritudine
1435 2965 1585 3000 animae
1627 2974 1738 2999 meae.

104 3021 163 3055 14.
196 3021 296 3056 dant
326 3021 476 3057 addidi.
538 3022 602 3057 34.
633 3022 724 3065 sibi,
756 3022 852 3058 licet
883 3021 1054 3067 indigno
1085 3021 1245 3066 scripsi;
1278 3021 1355 3065 sui.
1387 3021 1482 3056 licet
1514 3021 1671 3066 indigni
1700 3020 1738 3055 S.

103 3076 165 3112 35.
201 3077 401 3123 iugulum,
434 3078 456 3114 i.
490 3090 519 3114 e.
555 3079 867 3125 iugulationem.
901 3088 1055 3114 necem.

1766 999 1803 1027 1⁰

1766 1361 1803 1390 15

1764 1724 1806 1753 20

1765 2086 1806 2116 25

1766 2448 1808 2478 30

1766 2810 1807 2840 35
