2150 3584
528 212 822 241 COMPENDIVM
857 212 1054 241 SAXONJS.
1105 214 1186 242 Lm.
1222 214 1297 242 vin
1655 203 1733 243 327

89 331 211 380 gesta
254 340 345 368 non
386 327 628 379 habentur,
675 327 744 369 vel
786 327 893 381 quia
940 329 995 367 de
1043 327 1263 367 memoria
1311 328 1456 368 deleta
1502 333 1620 376 sunt,
1669 329 1736 369 vel

90 399 196 454 quia
222 400 403 440 modico
428 403 631 453 tempore
656 403 963 452 regnauerunt
995 402 1033 439 et
1062 399 1201 440 nichil
1230 400 1429 440 notabile
1457 405 1735 453 peregerunt.

174 472 225 512 X.
268 471 467 512 Siwaldo
493 472 711 512 successit
730 471 878 524 Snyo
907 471 1029 511 filius
1059 484 1181 512 suus.
1227 472 1311 512 Hic
1336 472 1516 512 iuuenis
1542 474 1737 513 existens

89 545 205 585 duos
237 544 425 598 pugiles,
459 544 685 584 Eskillum
715 548 757 584 et
783 544 1000 595 Akillum‚
1035 544 1295 596 perdomuit
1326 557 1378 585 ac
1410 557 1514 585 cum
1550 545 1736 585 victoria

90 616 302 658 Scaniam
344 628 481 668 regno
523 617 734 657 reuniuit.
799 616 885 657 Hic
926 620 1138 656 mutuum
1183 629 1388 657 amorem
1433 617 1592 657 habuit
1631 630 1734 657 cum

89 688 182 730 filia
222 688 339 742 regis
383 688 559 740 Gothic,
607 689 851 742 missisque
892 688 1083 729 occultis
1130 688 1311 729 nunciis
1351 689 1653 742 attemptauit,
1700 689 1736 729 si

88 773 188 802 eam
235 762 290 802 de
336 762 476 802 domo
523 765 712 815 paterna
759 761 987 802 abducere
1034 765 1208 814 posset;
1255 773 1371 814 quos
1418 765 1544 814 pater
1590 762 1737 815 puelle

89 833 274 887 capiens
321 834 571 888 suspendio
618 834 918 887 consumpsit.
994 833 1134 886 Igitur
1180 833 1325 886 Snyo,
1372 846 1529 874 eorum
1580 846 1737 874 necem

87 905 319 948 vindicare
361 907 534 960 volens,
581 919 686 947 cum
726 906 923 947 exercitu
957 919 1116 947 versus
1149 905 1363 946 Gothiam
1397 909 1462 946 est
1494 906 1735 959 profectus.

41 1015 46 1021 .
89 979 172 1020 Cui
204 991 449 1020 occurrens
481 991 559 1018 rex
592 978 755 1019 Gothie
787 979 958 1019 bellum
993 978 1083 1030 geri
1118 991 1198 1031 per
1229 978 1404 1032 pugiles
1436 978 1620 1031 petiuit,
1664 979 1736 1019 cui

88 1051 211 1105 Snyo
253 1063 303 1091 ea
336 1050 609 1091 condicione
649 1051 894 1101 consensit,
942 1055 1001 1103 vt,
1048 1051 1179 1092 cuius
1219 1050 1394 1104 pugiles
1434 1050 1737 1102 vincerentur,

86 1123 183 1177 ipse
224 1123 353 1164 alteri
392 1134 532 1176 regno
574 1124 763 1164 cederet.
827 1123 991 1177 Sicque
1030 1123 1202 1164 factum
1244 1126 1323 1174 est,
1370 1127 1415 1164 vt
1451 1136 1528 1163 rex
1562 1123 1737 1175 Gothie,

87 1195 318 1249 pugilibus
358 1195 453 1236 suis
492 1195 636 1248 victis,
683 1207 873 1248 regnum
917 1209 1051 1237 suum
1087 1195 1231 1236 Danis
1269 1195 1458 1236 reddere
1491 1200 1736 1248 cogeretur.

86 1267 289 1308 Audiens
335 1271 488 1309 autem
533 1268 670 1322 Snyo,
718 1267 861 1309 filiam
905 1269 1003 1309 eius
1042 1272 1230 1320 cogente
1271 1271 1398 1321 patre
1436 1268 1527 1320 regi
1569 1268 1738 1309 Swecie

87 1344 293 1405 nuptam,
340 1341 572 1394 quendam
620 1353 814 1394 egenum
860 1341 996 1393 misit,
1042 1345 1088 1382 vt
1128 1340 1338 1381 animum
1378 1340 1475 1381 eius
1515 1340 1738 1381 subtiliter

87 1413 353 1466 exploraret.
417 1413 507 1464 Qui
546 1426 672 1454 more
710 1426 966 1467 pauperum
1008 1413 1132 1454 iuxta
1166 1413 1369 1453 hostium
1402 1413 1578 1465 sedens,
1625 1413 1735 1453 dum

85 1484 238 1537 regina
282 1485 400 1526 circa
442 1498 545 1526 eum
587 1485 813 1538 transiret,
861 1485 966 1526 exili
1006 1498 1118 1526 voce
1159 1485 1240 1526 ait:
1292 1485 1452 1525 »Amat
1489 1489 1532 1525 te
1564 1485 1737 1538 Snyss«3

86 1569 225 1610 quam
267 1569 426 1598 vocem
469 1557 545 1598 illa
588 1558 750 1599 callide
790 1558 1046 1610 intelligens
1086 1570 1170 1598 nec
1203 1557 1302 1598 visu
1336 1570 1421 1600 nec
1450 1558 1564 1610 pede
1595 1558 1737 1598 relato

85 1629 271 1670 vlterius
318 1630 538 1683 processit
584 1630 630 1670 in
678 1630 856 1681 aulam,
915 1630 1161 1684 statimque
1217 1630 1348 1684 quasi
1395 1630 1737 1670 deambulando

85 1701 344 1754 regrediens
398 1703 524 1743 tenui
571 1716 682 1745 voce
733 1703 816 1743 ait:
886 1704 1151 1743 »Amantem
1201 1716 1273 1743 me
1320 1715 1525 1754 reamo«,
1583 1703 1738 1756 sicque

86 1775 281 1815 recessit.
346 1775 543 1816 Gauisus
578 1786 746 1828 egenus
779 1776 834 1816 de
866 1788 1088 1829 responso
1121 1775 1328 1829 sequenti
1360 1775 1433 1815 die
1464 1776 1738 1828 procedente

85 1847 241 1899 regina
273 1848 434 1888 eadem
466 1847 712 1888 calliditate
744 1861 852 1889 vsus
884 1847 965 1888 ait:
1003 1849 1116 1889 »Res
1148 1848 1301 1888 locum
1336 1847 1551 1900 expetit«3
1584 1852 1629 1888 at
1660 1848 1736 1888 illa

87 1932 179 1960 non
212 1919 366 1961 minus
398 1920 560 1960 callide
592 1920 851 1973 regrediens
888 1920 968 1961 ait:
1022 1920 1099 1960 »In
1133 1920 1336 1961 Bokeror
1374 1919 1462 1960 cito
1503 1920 1736 1970 veniam«,

86 1992 192 2033 inde
224 1993 345 2034 enini
379 1992 533 2045 fugere
565 1993 842 2033 intendebat.
903 1993 1073 2033 Iterum
1106 1992 1347 2033 occasione
1380 1992 1535 2032 habita
1570 2004 1737 2044 egenus

87 2065 142 2106 de
180 2069 384 2120 tempore
423 2065 642 2119 quesiuit;
698 2078 787 2119 que
827 2065 1018 2105 inicium
1065 2064 1246 2119 hyemis
1292 2064 1563 2104 nominauit.
1643 2065 1737 2105 Hec

87 2137 243 2178 omnia
275 2150 380 2178 cum
415 2138 538 2191 Snyo
571 2137 805 2178 didicisset
836 2150 915 2190 per
947 2148 1155 2190 egenum,
1202 2136 1405 2189 predicto
1442 2140 1647 2190 tempore
1679 2137 1734 2176 ad

87 2209 240 2251 locum
301 2210 592 2251 nominatum
655 2222 759 2251 cum
815 2209 1015 2250 nauibus
1069 2209 1192 2250 venit
1243 2208 1540 2262 reginamque
1598 2221 1736 2249 causa

87 2282 275 2323 lauandi
322 2286 561 2323 exeuntem
607 2281 834 2336 recipiens
881 2281 926 2321 in
975 2281 1171 2322 Daniam
1221 2280 1455 2321 remeauit.
1549 2281 1738 2334 Propter

175 2386 208 2420 1.
235 2383 370 2420 delata
388 2384 434 2420 V.
495 2385 531 2420 2.
555 2385 654 2430 quia
681 2384 732 2419 de
757 2384 867 2419 mod.
891 2383 930 2419 S.
995 2386 1034 2418 et
1060 2382 1224 2429 scripsi3
1257 2382 1321 2418 vel
1345 2382 1457 2419 codd.
1527 2382 1667 2418 nobile
1687 2383 1737 2423 D;

90 2444 141 2477 n6
166 2441 256 2485 (om.
289 2441 416 2477 tabile
447 2442 713 2487 peregerunt)
745 2441 789 2477 V.
852 2441 887 2477 3.
919 2439 1133 2486 Inscriptio
1166 2439 1208 2477 in
1243 2440 1299 2476 D:
1334 2439 1446 2486 Snyo
1481 2440 1568 2484 4993
1612 2439 1653 2475 in
1686 2440 1734 2475 A:

90 2497 148 2533 De
181 2497 286 2544 Rege
320 2499 499 2545 Snyone,
536 2500 573 2534 et
603 2498 644 2533 in
679 2507 830 2543 ma1·9.:
872 2507 950 2533 Lxl.
984 2497 1092 2533 Snoe
1125 2496 1260 2532 Siuals
1296 2498 1372 2532 son.
1413 2516 1452 2522 —-
1492 2496 1602 2532 filius
1635 2507 1736 2532 suus

90 2555 185 2601 l'nyo
217 2555 293 2592 AS.
355 2555 467 2601 Snyo
495 2555 581 2601 fere
610 2565 770 2600 semper
801 2554 924 2599 DVS;
956 2565 1061 2600 snyo
1089 2555 1132 2590 A.
1195 2555 1228 2589 4.
1262 2553 1429 2588 akillam
1456 2553 1508 2598 V;
1541 2553 1735 2589 Alkillum

88 2610 206 2648 Saxo.
268 2613 303 2648 5.
336 2612 522 2648 reuniuit
545 2612 638 2657 DV,
670 2611 852 2648 reddidit
882 2612 936 2657 A;
968 2611 1164 2647 rehabuit
1188 2611 1227 2647 S.
1304 2610 1451 2646 habuit
1482 2621 1667 2646 amorem
1697 2610 1736 2646 S.

91 2669 198 2705 5—6.
239 2669 290 2705 ad
331 2669 457 2705 filiam
491 2669 575 2715 AS,
622 2679 718 2704 cum
758 2669 843 2704 filia.
878 2669 920 2705 V.
1011 2669 1046 2704 6.
1087 2668 1288 2713 missique
1320 2667 1364 2703 A.
1452 2668 1671 2714 atteptauit
1703 2668 1736 2702 V

89 2726 212 2770 (unde
256 2727 492 2773 acceptauit
538 2724 644 2763 male
689 2725 928 2772 Lanyebek).
1022 2725 1083 2761 12.
1123 2725 1203 2771 ipsi
1243 2724 1287 2760 A.
1377 2724 1495 2760 alteri
1542 2735 1642 2760 corr.
1689 2735 1738 2760 esc

89 2782 220 2819 altero
240 2783 304 2820 Dl.
365 2784 426 2820 14.
445 2793 540 2830 rege
557 2783 634 2819 VS.
693 2784 755 2819 15.
775 2782 986 2830 suptiliter
1003 2783 1042 2818 S.
1102 2783 1163 2818 16.
1182 2781 1334 2817 ostium
1354 2781 1398 2817 A.
1462 2782 1522 2817 18.
1540 2781 1675 2817 calide
1692 2781 1737 2817 V.

19 2860 24 2864 -
94 2840 156 2876 19.
194 2840 245 2876 de
285 2840 542 2876 ambulando
574 2841 619 2877 V.
711 2841 775 2877 20.
817 2840 874 2875 ait
913 2850 989 2875 om.
1031 2838 1069 2875 S.
1160 2842 1368 2874 amantem
1409 2841 1447 2874 te
1486 2838 1658 2874 redamo
1697 2838 1737 2882 S,

89 2896 157 2932 sed
186 2907 288 2933 corr.
315 2896 374 2934 82.
435 2898 501 2934 21.
532 2897 705 2934 recessit
730 2897 758 2934 S
789 2895 1023 2945 (vestigium
1054 2895 1199 2931 extulit
1223 2893 1362 2942 Saxo);
1393 2895 1599 2941 processit
1619 2895 1735 2930 DVA.

91 2953 154 2990 22.
193 2954 347 2991 calidit.
380 2955 425 3000 A,
471 2957 508 2990 et
543 2955 600 2990 sic
638 2954 787 3000 soepius
824 2952 935 2989 codd.
1023 2953 1172 2999 repetit
1203 2951 1280 2996 AS,
1325 2952 1393 2987 sed
1432 2952 1473 2987 in
1516 2952 1544 2988 S
1584 2951 1737 2998 expetit

89 3019 190 3048 corr.
217 3022 326 3047 man.
351 3021 425 3047 rec.
485 3011 550 3049 23.
584 3011 780 3048 bokaeror
805 3011 844 3047 S.
906 3010 970 3046 25.
1003 3009 1153 3046 hiemis
1181 3009 1219 3044 S.
1282 3009 1345 3045 27.
1370 3008 1394 3044 l.
1420 3008 1673 3045 destinatum
1692 3009 1736 3044 A.

92 3067 156 3104 28.
190 3072 409 3104 exeuntem
440 3079 519 3105 om.
556 3068 595 3105 S.
673 3068 887 3115 reperiens
920 3067 959 3103 S.

1467 3134 1532 3165 22*

1765 983 1805 1013 10

1766 1347 1806 1377 15

1764 1709 1806 1740 20

1763 2071 1804 2102 25
