2150 3584
331 1225 371 1256 10

331 1588 370 1618 15

328 1951 371 1982 20

327 2698 367 2729 25

401 232 455 270 68
742 244 1016 273 SCRIPTORES
1049 246 1275 275 H1sroR1AE
1307 248 1482 276 DANICAE
1515 248 1713 277 MINORES

1115 467 1238 508 CAP.
1274 468 1327 508 II.

488 533 691 612 precone
737 558 913 626 <i9ilur>
960 574 1259 614 denunciante
1313 573 1487 614 seruari
1536 576 1860 629 promulyauit‚
1922 578 2044 618 solos

398 643 500 683 illos
553 643 669 695 regis
721 644 1010 684 clementiam
1064 645 1384 686 familiaritatis
1439 646 1676 699 priuilegio
1723 648 1867 700 magis
1917 635 2042 704 <sibi>

397 715 680 756 famulariter
712 717 1046 769 approximare,
1091 718 1169 771 qui
1202 718 1260 758 ob
1292 718 1410 769 regis
1441 719 1744 759 reuerentiam
1777 725 2044 775 caterueque

398 789 609 828 decorem
663 788 941 841 bipennibus
996 803 1363 843 mucronumque
1419 790 1595 843 capulis
1641 792 1870 832 deauratis
1917 806 2044 834 coru-

399 866 588 901 scarent.
652 861 779 902 Cedit
818 862 939 902 enim
983 862 1147 902 honori
1189 863 1421 916 principis,
1470 862 1506 903 si
1553 867 1678 903 cetus
1721 877 1840 917 eum,
1888 870 2043 906 contu-

398 933 544 974 bernii
591 946 759 974 corona
808 934 1039 987 stipatum,
1088 935 1329 975 comitetur
1376 936 1543 976 herilis.
1618 937 1714 977 Hac
1756 938 2041 989 promulgata

399 1006 619 1046 sententia
653 1006 730 1057 hii,
763 1019 878 1060 quos
911 1007 974 1047 rei
1008 1007 1244 1047 familiaris
1277 1008 1467 1059 urgebat
1489 1008 1658 1062 inopia,
1692 1022 1737 1049 se
1763 1022 1786 1048 a
1814 1010 2042 1062 phalanga

398 1078 683 1131 locupletiori
715 1079 1015 1119 decreuerunt
1047 1079 1233 1119 alienos.
1298 1080 1390 1120 Nec
1431 1094 1582 1121 mora:
1631 1081 1870 1121 fabrilibus
1903 1082 2043 1135 crepi-

397 1150 600 1190 tantibus
632 1136 863 1204 (officinis)
896 1151 1102 1191 ciuitates
1135 1151 1347 1192 uniuerse
1379 1156 1607 1192 resonant.
1671 1153 1851 1206 Quippe
1891 1153 2041 1193 omnis

398 1226 587 1263 ornatus
625 1236 737 1263 auro
778 1223 904 1276 prius
936 1224 1214 1276 conspicuus
1246 1224 1584 1264 aurifabrorum
1619 1226 1784 1265 sudore
1816 1226 2042 1266 conflatur

398 1295 443 1334 in
484 1308 699 1345 massam,
747 1299 808 1343 ut,
854 1297 978 1349 quod
1018 1296 1063 1335 in
1105 1309 1249 1336 uanos
1290 1296 1466 1349 penitus
1505 1310 1615 1337 usus
1658 1297 1801 1337 fastus
1833 1297 2041 1338 militaris

399 1368 650 1420 collegerat,
674 1366 736 1418 <eo
769 1365 883 1416 tunc)
909 1367 1246 1408 aurifabrorum
1268 1368 1491 1421 exquisita
1507 1368 1802 1420 ingeniositas
1820 1369 2041 1422 bipennes

398 1443 440 1480 et
471 1440 660 1493 capulos
692 1443 967 1480 uenustaret.
1032 1440 1098 1480 Ex
1135 1454 1226 1494 quo
1264 1440 1442 1488 accidit,
1489 1444 1539 1481 ut
1578 1442 1784 1481 humana
1823 1441 2040 1494 procliuis

397 1499 663 1566 ambitio<ni
707 1497 930 1565 conditio),
982 1512 1247 1564 parcitatem
1296 1516 1507 1565 sumptus
1553 1513 1665 1552 haut
1711 1513 2040 1566 contemplans,

398 1584 661 1636 elegantiori
701 1570 974 1637 <armorum>
1017 1584 1206 1624 artificio
1247 1585 1489 1637 precellere
1531 1585 1736 1625 sodalem
1775 1585 2039 1626 conabatur.

397 1656 527 1696 Vnde
558 1656 712 1709 liquet,
758 1660 820 1708 ut⁷
867 1657 943 1710 qui
987 1656 1276 1697 fortunatiori
1315 1657 1493 1697 educati
1527 1661 1631 1696 sunt
1663 1656 1882 1710 auspicio,
1929 1658 2041 1698 tales

398 1729 577 1780 elegans
609 1741 845 1769 armorum
878 1729 1034 1769 deceat
1066 1733 1266 1769 ornatus.
1322 1729 1530 1783 Cumque
1561 1729 1763 1782 phalanx
1795 1742 2040 1769 numerosa

397 1814 520 1841 nouo
575 1801 775 1855 quodam
831 1801 1088 1854 splenderet
1140 1805 1326 1853 ornatu,
1382 1801 1573 1854 placuit,
1631 1805 1680 1841 ut
1725 1801 1864 1841 huius
1908 1801 2039 1841 turbe

399 1872 667 1913 uniuersitas
722 1877 841 1913 certo
894 1873 1210 1914 calculationis
1257 1887 1449 1914 numero
1496 1873 1845 1927 subputaretur3
1909 1873 2039 1914 cuius

398 1958 579 1985 summa
617 1945 797 1986 numeri
838 1945 922 1985 tria
960 1946 1103 1985 millia
1144 1946 1340 1986 militum
1384 1945 1526 1986 extitit
1563 1946 1824 1986 electorum.
1887 1945 2037 1996 Quam

398 2002 665 2070 (cateruam)
698 2030 780 2057 suo
813 2017 1031 2058 idiomate
1063 2018 1265 2070 Tiuglith
1296 2018 1467 2070 placuit
1498 2017 1769 2070 nuncupari.

1102 2367 1225 2408 CAP.
1260 2367 1337 2408 III.

492 2437 636 2515 Cum
696 2472 846 2526 itaque
901 2477 994 2513 tam
1049 2473 1260 2513 dissonos
1313 2473 1425 2513 ritus
1481 2473 1683 2525 gentium
1737 2473 1817 2512 uni
1871 2474 2035 2513 coadu-

396 2550 546 2585 nasset
579 2544 762 2595 familie,
809 2558 925 2597 opus
967 2550 1073 2596 erat,
1121 2549 1168 2585 ut
1209 2545 1321 2585 tanti
1360 2545 1476 2597 regis
1519 2544 1747 2596 exercitus,
1795 2548 1949 2597 utpote
1982 2558 2035 2584 ex

395 2617 534 2657 uariis
580 2617 808 2657 adunatus
854 2617 1136 2668 nationibus,
1185 2617 1412 2658 uniuersis
1459 2617 1668 2657 uidelicet
1712 2617 1861 2668 regnis
1907 2616 2034 2656 iuris-

394 2689 582 2730 dictioni
615 2702 694 2728 sue
727 2689 993 2740 subiugatis,
1033 2703 1227 2742 quorum
1269 2689 1382 2729 ritus
1414 2689 1598 2729 dissona
1631 2692 1782 2728 tamen
1816 2688 2033 2728 uarietate

394 2762 727 2814 discrepabant,
775 2761 901 2801 omni
948 2761 1279 2801 contrarietatis
1326 2761 1472 2814 sopita
1518 2760 1843 2812 controuersia,
1899 2765 2034 2813 prout

394 2834 664 2874 contectales
697 2834 821 2873 decet
855 2834 1084 2886 honestos,
1132 2833 1362 2873 communi
1398 2833 1600 2883 domino,
1647 2832 1904 2872 adinuicem
1939 2845 2031 2872 non

484 2944 514 2978 1.
542 2943 809 2978 ‹lerninuantc
869 2953 1038 2978 seruarc
1104 2943 1414 2989 pronunciauit.
1467 2941 1500 2976 3.
1527 2940 1871 2990 apprimare(p1·o
1889 2942 2031 2988 apfflxi-

396 2998 533 3048 mare).
582 3002 752 3035 eatenus
772 3010 916 3045 neque.
967 3000 1028 3036 11.
1049 3000 1173 3045 penis.
1226 3000 1284 3035 19.
1304 2999 1556 3034 uniuersitas
1580 2998 1723 3043 scripsi
1741 3008 1816 3043 pro
1840 3009 2031 3035 numero-

394 3058 510 3101 sitasg
542 3056 611 3101 cfr.
630 3056 676 3091 S:
709 3057 904 3091 uniuersa
932 3056 1164 3092 multitudo.
1218 3058 1268 3091 22
1286 3067 1368 3102 sqq.
1395 3055 1464 3101 cfr.
1485 3053 1679 3089 Martiani
1698 3054 1868 3100 Capelloe
1884 3055 1931 3100 II,
1954 3055 2029 3092 102

395 3115 453 3158 (p.
474 3114 524 3148 28
550 3113 784 3159 Eyssenlij:
816 3113 1038 3148 dissonans
1063 3114 1344 3159 discrepantia
1372 3113 1586 3148 nationum
1607 3141 1612 3147 .
1633 3140 1638 3147 .
1656 3111 1813 3147 diuersi
1844 3113 2026 3158 gentium

394 3171 510 3206 ritus.
574 3171 636 3206 23.
669 3171 802 3205 exitus
832 3168 903 3218 (sic
932 3169 1103 3217 saepius).
1168 3171 1231 3205 24.
1263 3170 1480 3205 adimatus.
1553 3169 1615 3203 27.
1648 3179 1742 3203 cum
1774 3167 1870 3216 (pro
1903 3167 2028 3218 9uni).
