2150 3584
343 1014 383 1044 10

344 1380 383 1411 15

343 1745 384 1775 20

346 2474 388 2503 30

407 234 488 273 314
747 241 1024 270 SCRIPTORES
1056 240 1283 269 Hls‘romAE
1315 240 1491 268 DANICAE
1523 239 1722 268 MINORES

407 358 624 400 omnibus
643 356 917 407 viderentur,
944 355 1099 409 sicque
1124 358 1323 395 castrum
1353 367 1512 394 eorum
1531 353 1804 406 ingrediens,
1831 353 2053 408 quidquid

407 431 470 471 ibi
503 430 557 471 de
591 429 730 483 preda
769 427 977 468 inuenire
1010 427 1169 480 potuit,
1208 427 1488 467 clandestine
1521 426 1726 467 custodie
1759 425 2053 479 mancipauit.

410 504 475 544 Eo
507 507 711 555 tempore
737 501 855 541 Scati
889 504 931 541 et
958 499 1094 540 Hialli
1127 500 1287 540 fratres
1316 498 1552 539 fortissimi
1584 500 1698 539 adeo
1726 498 1902 539 luxurie
1932 511 2057 539 vaca-

408 576 531 627 bant,
571 579 617 615 vt
648 569 844 626 virgines
884 572 1062 613 nobiles
1094 572 1361 625 parentibus
1394 572 1570 611 ablatas
1610 571 1781 624 passim
1815 571 2057 621 violarent3

409 648 633 689 miserunt
673 646 815 687 eciam
860 645 1083 686 nuncium
1116 645 1173 685 ad
1207 645 1425 694 Olauum,
1472 655 1622 696 regem
1655 645 1966 695 Wermorum,
1999 648 2057 694 vt,

410 721 446 761 si
480 720 621 760 filiam
663 732 795 759 suam
829 719 967 759 Esam
1007 718 1278 758 inuiolatam
1311 717 1443 757 vellet
1475 717 1657 769 hahere,
1704 716 1801 770 ipse
1834 717 1903 757 vel
1942 716 2059 756 alius

409 793 673 847 quicunque
706 805 787 845 pro
821 805 872 832 ea
905 804 1010 832 cum
1044 791 1108 831 eis
1141 789 1390 830 dimicaret.
1438 789 1572 839 Quod
1601 802 1705 830 cum
1725 790 1812 831 010
1845 788 2059 841 audisset,

409 866 595 918 gauisus
644 865 773 905 valde
806 868 981 904 mutata
1027 867 1149 904 veste
1187 862 1401 902 transiuit
1447 862 1503 902 ad
1552 861 1727 902 curiam
1762 861 1910 904 Olaui.
1973 861 2059 903 Vbi

410 952 514 979 cum
548 938 664 978 inter
696 941 922 978 extremos
956 937 1184 988 resideret,
1231 935 1391 975 videns
1424 934 1540 986 regis
1573 934 1795 975 familiam
1830 935 2058 975 dolentem

411 1011 609 1066 quesiuit
655 1024 680 1051 a
728 1010 821 1050 filio
869 1009 982 1062 regis
1031 1022 1219 1050 causam
1266 1007 1379 1048 tanti
1426 1007 1610 1047 doloris.
1685 1007 1775 1057 Qui
1822 1020 1927 1048 cum
1976 1006 2060 1047 sibi

411 1087 653 1134 narrasset,
685 1082 885 1137 quesiuit
916 1082 1018 1133 Olo,
1051 1081 1161 1136 quid
1195 1079 1419 1121 mercedis
1450 1080 1682 1133 reciperet,
1723 1081 1800 1133 qui
1840 1079 2060 1132 virginem

408 1157 642 1206 liberaret;
675 1155 912 1209 respondit
943 1168 1033 1206 rex,
1066 1154 1215 1208 ipsam
1244 1153 1467 1206 virginem
1493 1167 1575 1207 pro
1609 1153 1817 1194 mercede
1845 1153 2060 1193 dandam.

412 1229 647 1270 consueuit
689 1232 843 1268 autem
890 1227 1009 1268 dicta
1052 1227 1176 1280 virgo
1219 1226 1455 1279 hospitum
1496 1225 1635 1266 facies
1679 1238 1732 1266 ac
1771 1238 1922 1266 mores
1964 1224 2062 1265 dili-

410 1302 595 1354 gencius
643 1300 809 1341 intueri
856 1305 898 1341 et
944 1313 997 1340 ex
1042 1299 1211 1340 talibus
1259 1300 1314 1340 de
1362 1312 1521 1340 eorum
1564 1299 1800 1340 nobilitate
1845 1297 2061 1338 iudicare.

413 1376 512 1426 Que
544 1388 650 1415 cum
683 1374 916 1414 accederet
948 1374 1004 1413 ad
1039 1372 1380 1426 inspiciendum
1413 1372 1625 1424 Olonem,
1659 1385 1712 1412 ex
1744 1375 1931 1424 aspectu
1966 1369 2062 1411 eius

410 1448 563 1488 territa
597 1446 728 1500 quasi
760 1450 942 1486 mortua
975 1445 1137 1486 cecidit
1168 1446 1214 1486 in
1248 1449 1437 1496 terram3
1481 1458 1679 1499 cumque
1712 1445 1767 1484 ad
1803 1457 1848 1484 se
1880 1455 2064 1484 reuersa

411 1520 570 1561 iterato
614 1520 745 1560 vellet
785 1519 1001 1558 iuuenem
1041 1518 1218 1567 intueri,
1268 1518 1428 1558 iterato
1469 1518 1651 1558 corruit.
1716 1517 1884 1557 Iterum
1927 1515 2065 1556 tercia

411 1594 508 1634 vice
540 1606 646 1634 cum
680 1591 887 1633 similiter
920 1590 1169 1643 cecidisset,
1211 1590 1411 1645 quesiuit
1443 1594 1581 1644 pater.
1623 1603 1703 1630 cur
1740 1589 1913 1630 tociens
1946 1592 2064 1641 pate-

410 1670 533 1707 retur
565 1665 769 1715 ruinam3
817 1678 905 1718 que
937 1664 1174 1717 respondit
1213 1677 1258 1704 se
1290 1664 1494 1704 territam
1536 1676 1589 1703 ex
1631 1662 1824 1715 hospitis
1863 1664 2065 1712 aspectu,

410 1739 656 1793 ipsumque
695 1737 818 1790 regio
860 1748 1021 1789 genere
1062 1740 1269 1777 exortum
1311 1736 1397 1777 sibi
1436 1737 1669 1790 ydoneum
1704 1734 1918 1775 maritum
1955 1733 2062 1784 fore,

412 1812 668 1853 dummodo
709 1810 937 1864 predictos
979 1813 1183 1862 raptores
1222 1809 1403 1850 vincere
1443 1808 1675 1862 potuisset.
1740 1809 1940 1859 Rogatus
1979 1806 2066 1847 Olo

412 1885 470 1925 ab
513 1884 744 1936 omnibus,
792 1887 838 1923 vt
879 1881 1043 1923 faciem
1091 1883 1328 1934 detegeret,
1376 1894 1516 1936 quam
1560 1881 1696 1935 pilleo
1739 1880 2064 1921 obumbratam

414 1957 625 2008 habehat,
674 1956 863 2009 pilleum
902 1954 1114 2007 deposuit
1146 1954 1435 2007 ostenditque
1468 1954 1532 1994 eis
1564 1952 1921 2007 pulchritudinis
1954 1951 2067 1992 mire

414 2030 575 2071 faciem
610 2029 874 2082 flauamque
907 2027 1104 2068 crinium
1137 2027 1357 2068 cesariem
1385 2040 1438 2067 ac
1463 2027 1705 2077 nitentem,
1738 2026 1888 2067 solum
1914 2028 2067 2065 autem

413 2103 586 2151 visum,
633 2101 711 2156 qui
758 2100 1108 2154 inspicientibus
1155 2099 1370 2140 terribilis
1414 2103 1529 2151 erat,
1576 2099 1819 2152 depressit,
1866 2097 2067 2150 dixitque

414 2175 644 2227 omnibus,
692 2178 737 2215 vt
773 2187 890 2227 equo
923 2173 1080 2213 animo
1114 2177 1276 2224 essent,
1324 2172 1596 2226 promittens
1633 2185 1679 2212 se
1712 2184 1794 2224 pro
1825 2170 1942 2223 regis
1974 2168 2067 2209 filia

414 2252 705 2288 certaturum.
767 2246 1151 2299 Superuenientes
1183 2249 1337 2286 autem
1374 2245 1511 2285 Hialli
1544 2249 1586 2285 et
1619 2244 1739 2285 Scati
1771 2256 1876 2285 cum
1910 2243 2067 2283 decem

415 2320 549 2362 sociis
583 2319 738 2361 onmia
772 2320 972 2360 clamore
1005 2319 1254 2372 replebant,
1291 2318 1632 2371 expostulantes
1665 2321 1744 2357 aut
1775 2316 1891 2368 regis
1924 2314 2067 2355 filiam

415 2395 471 2434 ad
513 2393 765 2434 ludibrium
806 2396 885 2432 aut
926 2392 1077 2444 ipsum
1119 2403 1270 2443 regem
1304 2391 1358 2431 ad
1395 2390 1722 2443 pugnandum
1770 2388 1938 2443 quibus
1981 2387 2068 2428 Olo

416 2479 660 2506 occurrens
701 2464 956 2518 acceptauit
997 2468 1227 2504 certamen
1273 2476 1323 2504 ea
1366 2463 1650 2514 condicione,
1696 2466 1743 2503 vt
1788 2463 2067 2515 pugnantem

500 2592 533 2627 2.
567 2592 617 2627 de
651 2591 779 2637 preda
813 2591 868 2626 ibi
902 2590 976 2625 AS.
1056 2590 1089 2625 3.
1122 2589 1329 2626 vocabant
1362 2589 1406 2624 D.
1488 2590 1522 2623 4.
1556 2588 1716 2623 ablatas
1751 2585 1997 2634 parentibus
2030 2585 2069 2619 S.

419 2650 451 2684 7.
487 2660 562 2695 pro
595 2660 643 2684 eo
676 2649 794 2684 DVA.
859 2648 893 2683 8.
926 2648 1096 2693 gauisus
1130 2650 1190 2682 est
1223 2646 1342 2682 valde
1373 2645 1505 2690 codd.;
1537 2648 1598 2681 est
1630 2645 1749 2681 omisi
1780 2654 1871 2679 cum
1898 2643 2069 2679 Saxone.

418 2708 451 2742 9.
500 2706 711 2741 resederet
756 2706 794 2741 S.
889 2706 951 2740 10.
1000 2705 1078 2740 sibi
1120 2715 1198 2739 om.
1239 2704 1278 2740 S.
1374 2704 1433 2738 11.
1482 2703 1555 2749 qui
1595 2702 1696 2738 VAS
1735 2702 1893 2746 (Saae0);
1940 2699 1972 2735 si
2022 2699 2066 2734 D.

422 2764 481 2798 12.
522 2763 719 2798 liberaret
751 2763 952 2808 virginem
988 2762 1026 2797 S.
1106 2761 1166 2797 13.
1207 2760 1437 2797 Consueuit
1475 2760 1619 2806 scripsi
1658 2758 1900 2807 <consuerat
1930 2753 2070 2803 Saae0);

418 2820 607 2864 Quesiuil
638 2820 749 2855 codd.
826 2822 962 2855 autern
997 2830 1075 2855 om.
1112 2819 1155 2854 V.
1235 2818 1381 2853 faciem
1418 2818 1461 2853 D.
1541 2821 1577 2853 ct
1611 2827 1748 2852 mores
1782 2815 1856 2851 AS.
1938 2815 1997 2849 14.
2031 2815 2070 2848 et

417 2880 525 2923 (ante
550 2877 613 2925 ex)
645 2888 721 2913 om.
749 2877 787 2912 S.
855 2877 912 2912 15.
946 2877 1035 2911 eius
1064 2887 1140 2912 om.
1169 2876 1211 2910 D,
1278 2875 1442 2910 17—18.
1475 2875 1563 2910 vice
1596 2874 1724 2910 tercia
1752 2874 1795 2909 D.
1859 2872 1922 2907 20.
1956 2870 2069 2916 regio

419 2946 495 2969 om.
530 2935 575 2976 S;
619 2937 711 2980 post
749 2943 898 2979 genere
939 2933 1106 2968 inseruit
1144 2934 1186 2969 A.
1280 2933 1342 2968 21.
1385 2932 1653 2978 supradictos
1686 2931 1764 2966 AS.
1852 2931 1993 2976 posset
2024 2926 2068 2962 A.

422 2993 484 3027 22.
522 2995 561 3027 vt
591 2992 713 3038 peplo
740 2992 814 3027 fac.
844 2991 887 3026 D.
949 2991 1181 3036 detergeret
1206 2990 1287 3025 DV.
1351 2989 1460 3035 pileo
1487 2989 1550 3024 AS
1576 2987 1675 3037 (bis).
1738 2988 1801 3024 23.
1834 2986 2007 3022 haberet
2026 2984 2069 3019 A.

421 3049 478 3083 eis
507 3060 583 3084 om.
610 3050 652 3085 A.
723 3048 991 3094 placitudinis
1017 3047 1093 3083 AS.
1154 3047 1217 3083 25.
1244 3047 1390 3092 inspic.
1416 3047 1488 3092 qui
1514 3046 1553 3082 S.
1619 3047 1680 3082 30.
1707 3046 1998 3080 occurrentem
2026 3042 2068 3078 A.

426 3106 475 3141 30
509 3118 563 3152 sq.
599 3110 637 3141 vt
672 3112 846 3151 pugnam
882 3107 1154 3151 oppugnaret,
1187 3104 1327 3139 mediis
1359 3103 1530 3149 omissis,
1565 3103 1639 3139 AS.
