2150 3584
578 223 871 254 COMPENDWM
906 222 1104 254 sAxoms.
1154 223 1236 252 ΜΒ.
1272 223 1329 251 x11
1687 212 1768 252 385

122 342 292 393 derent,
325 343 370 380 at
392 340 573 380 Kanuto
602 343 783 380 mortuo
816 338 1099 389 insultarent,
1132 338 1322 377 adduxit
1346 337 1563 377 (lominus
1590 338 1767 390 plagam

123 426 259 467 super
276 412 515 466 populum,
534 411 703 452 scilicet
721 415 785 452 tot
813 423 1041 451 annorum
1062 410 1246 461 samem,
1274 413 1385 463 quot
1409 409 1542 449 annis
1564 410 1770 449 Kanutus

122 488 320 538 gesserat
341 495 546 537 regnum.
600 484 717 524 Nam
749 483 795 524 in
829 496 932 525 vere
964 486 1006 523 et
1037 485 1175 522 estate
1209 486 1330 522 tanta
1365 482 1543 522 siccitas
1575 485 1616 521 ct
1648 486 1770 522 estus

122 561 229 610 erat,
256 561 302 598 vt
325 557 457 611 quasi
482 556 623 597 nichil
648 557 694 597 in
719 556 838 608 agris
863 555 1088 608 pullulare
1112 558 1286 607 posset,
1313 554 1355 593 in
1385 558 1639 606 autumpno
1666 567 1770 594 vero

122 633 246 671 tanta
286 629 567 670 inundancia
608 628 763 682 pluuie
795 627 931 680 venit,
963 630 1009 667 vt
1040 628 1245 667 demerso
1286 626 1363 666 illo
1405 626 1599 677 modico,
1647 627 1767 679 quod
1797 636 1815 664 5

122 706 339 754 creuerat,
380 713 650 754 camporum
687 700 825 741 facies
866 699 998 753 quasi
1039 702 1249 751 stagnum
1292 698 1542 739 videbatur.
1607 699 1650 739 Si
1683 711 1771 752 quc

122 787 228 816 vero
275 774 399 828 spice
446 787 582 827 super
628 786 772 828 aquas
819 772 1052 822 natabant,
1100 784 1256 812 earum
1305 770 1452 823 capita
1494 771 1771 811 demetentes

124 846 351 887 nauiculis
383 846 692 899 excipiebant3
732 845 900 899 quibus
933 844 979 884 in
1012 843 1196 884 fornace
1228 843 1470 891 calefactis,
1505 844 1623 883 mole
1655 829 1771 896 (eas)

125 919 460 973 supponebant,
507 923 548 958 et
590 918 697 972 quia
744 931 796 958 ex
843 917 908 958 eis
939 929 1081 970 panes
1129 915 1275 956 facere
1322 928 1413 955 non
1457 918 1678 968 poterant,
1727 915 1769 954 in

125 1004 259 1033 Vsum
306 991 444 1045 pultis
485 991 733 1032 vertebant.
804 989 1117 1040 Quamobrem
1157 992 1282 1028 tanta
1322 988 1511 1041 penuria
1547 987 1680 1037 venit,
1728 991 1772 1026 vt
1800 998 1839 1028 10

125 1077 231 1119 pars
264 1063 464 1105 maxima
505 1063 664 1116 populi
703 1063 824 1103 fame
857 1065 1120 1102 moreretur.
1185 1060 1360 1100 Diuites
1399 1073 1573 1112 omnes,
1615 1072 1772 1112 ymmo

125 1137 270 1178 eciam
303 1137 399 1190 ipse
425 1149 515 1188 rex,
548 1135 759 1188 expensis
783 1147 866 1188 pro
892 1134 994 1175 cibo
1026 1146 1140 1174 auro
1172 1137 1213 1173 et
1245 1137 1430 1185 argento
1464 1132 1607 1172 eciam
1641 1143 1772 1183 agros

125 1213 167 1250 et
198 1209 355 1263 predia
387 1221 470 1262 pro
502 1220 688 1249 annona
720 1207 1049 1248 distrahebant.
1104 1205 1262 1247 Vicine
1294 1218 1477 1259 quoque
1510 1209 1624 1244 terre
1656 1215 1773 1255 sege-

125 1282 247 1323 tibus
278 1281 591 1333 abundabant,
624 1284 670 1322 vt
696 1280 905 1334 specialis
934 1279 1066 1332 plaga
1093 1278 1311 1318 miserum
1336 1277 1559 1330 populum
1593 1276 1774 1316 afficere

126 1357 372 1395 notaretur.
434 1354 535 1405 Que
580 1357 674 1394 tam
706 1353 805 1393 dira
852 1352 1004 1393 clades
1045 1350 1309 1392 conuictum
1358 1349 1565 1390 animum
1616 1349 1772 1402 populi
1803 1359 1842 1389 15

126 1426 254 1467 fateri
282 1426 567 1467 sanctitatem
597 1425 765 1466 Kanuti
791 1424 1106 1478 compellebat.
1156 1423 1241 1464 Sed
1270 1426 1312 1462 et
1338 1422 1499 1463 Sweno
1532 1421 1775 1475 episcopus

126 1500 246 1540 hanc
290 1499 473 1553 plagam
522 1502 706 1552 propter
737 1509 895 1538 necem
942 1496 1059 1548 regis
1101 1495 1301 1535 futuram
1345 1495 1516 1548 populo
1555 1493 1774 1547 predixit3

125 1572 202 1626 qui
235 1571 358 1625 apud
389 1572 545 1611 Danos
580 1570 779 1611 maxime
805 1573 1041 1623 reputatus
1073 1567 1168 1608 fuit.
1218 1568 1302 1607 Hic
1327 1581 1419 1608 non
1453 1567 1602 1608 solum
1636 1566 1774 1606 eccle-

129 1645 244 1685 siam
279 1644 602 1693 cathedralem,
635 1644 713 1684 sed
746 1643 890 1683 eciam
916 1654 1055 1683 Vnam
1088 1640 1326 1681 ecclesiam
1354 1640 1481 1680 beate
1510 1639 1650 1679 Marie
1670 1639 1775 1679 Ros-

128 1717 266 1757 kildie
299 1720 340 1756 et
371 1716 560 1756 alteram
588 1715 860 1768 Ringstadis,
893 1714 1080 1754 terciam
1113 1712 1256 1753 sancti
1288 1712 1524 1752 Michaelis
1552 1711 1773 1752 Slaulosie
1800 1721 1842 1752 20

129 1789 373 1830 edificauit.
437 1789 629 1842 Insuper
675 1801 729 1828 ex
769 1786 981 1828 miranda
1028 1785 1281 1827 deuocione
1322 1796 1478 1825 versus
1519 1783 1773 1824 Jerusalem

128 1872 310 1915 peregre
338 1861 581 1915 profectus,
614 1873 718 1901 cum
752 1859 951 1901 venisset
979 1858 1259 1912 Bizancium,
1292 1857 1473 1897 diuersa
1506 1859 1775 1896 ornamenta

127 1947 234 1976 cum
274 1933 443 1974 sanctis
483 1933 686 1987 reliquiis
726 1932 901 1973 remisit
938 1931 1126 1972 ecclesie
1159 1929 1461 1971 Roskildensi.
1525 1928 1610 1969 Sed
1644 1928 1775 1968 cuius

127 2006 415 2048 sanctitatem
443 2005 601 2047 Grecia
627 2005 753 2058 vidit,
785 2008 978 2045 mortem
1001 2004 1152 2044 Rodos
1185 2002 1335 2043 insula
1364 2001 1550 2054 aspexit.
1601 2001 1774 2040 Eodem

127 2083 332 2133 tempore
359 2082 540 2119 mortuo
559 2078 774 2130 Rikardo,
807 2077 884 2131 qui
904 2077 1049 2137 Egino
1068 2078 1361 2125 successerat,
1379 2074 1586 2124 Ascerus,
1617 2083 1776 2124 genere
1803 2084 1845 2114 25

127 2156 169 2193 et
194 2151 401 2193 moribus
425 2151 672 2204 preclarus,
704 2150 788 2190 fuit
820 2149 1063 2203 episcopus
1082 2147 1354 2188 Lundensis.
1403 2146 1580 2187 Olauus
1609 2149 1775 2196 autem,

128 2236 234 2265 cum
281 2223 372 2265 fere
417 2224 510 2264 iam
544 2236 597 2264 .x.
637 2222 772 2263 annis
811 2225 1055 2274 regnasset,
1103 2220 1244 2260 nichil
1293 2219 1547 2272 preclarum
1596 2222 1778 2271 propter

218 2344 251 2378 1.
298 2351 346 2378 ac
392 2341 481 2387 DV,
539 2344 578 2377 et
623 2340 708 2386 As,
754 2339 923 2376 correxi.
1014 2341 1182 2374 mortuo
1230 2347 1308 2372 om.
1356 2336 1400 2371 Α.
1491 2336 1525 2371 2.
1573 2335 1685 2381 quod
1734 2335 1778 2370 Α,

129 2400 164 2436 4.
197 2402 385 2445 autupno
418 2399 458 2436 S.
522 2400 559 2438 5.
592 2401 706 2434 tanta
738 2408 815 2434 om.
842 2396 881 2433 S.
957 2395 1184 2432 inundacio
1217 2394 1443 2440 pluuiue(!)
1477 2392 1515 2428 S.
1593 2392 1776 2427 dimerso

128 2457 254 2502 codd„
279 2455 445 2492 correxi.
508 2455 542 2492 6.
568 2456 772 2492 creuisset
789 2453 864 2490 AS.
943 2453 1068 2489 facies
1091 2462 1338 2498 camporum
1360 2451 1402 2485 V.
1466 2451 1500 2486 7.
1521 2451 1715 2493 eorunm)
1735 2449 1778 2483 Α.

129 2514 344 2550 dementes
359 2514 397 2558 (!)
428 2513 469 2549 S.
561 2514 596 2549 8.
629 2511 847 2548 nauiculas
880 2511 963 2554 DV,
1003 2509 1072 2545 sed
1108 2520 1211 2547 corr.
1247 2506 1312 2544 D3.
1404 2518 1473 2542 eas
1513 2506 1654 2542 addidi
1685 2516 1775 2540 cum

129 2570 300 2608 Saxone.
391 2570 426 2606 9.
473 2572 702 2617 potuerunt
745 2570 794 2613 Ᾱ;
841 2569 1066 2615 potuerant
1113 2566 1152 2602 S.
1248 2565 1310 2600 10.
1358 2563 1662 2599 conuertebant
1702 2562 1777 2598 AS.

135 2629 195 2665 11.
235 2627 414 2664 maxima
456 2638 554 2674 pars
595 2627 636 2664 S.
726 2636 824 2673 ymo
856 2625 901 2661 V.
995 2624 1056 2660 12.
1099 2623 1230 2659 eciam
1270 2625 1308 2657 et
1348 2622 1436 2667 ipse
1468 2620 1543 2656 AS.
1637 2620 1697 2655 12.
1740 2622 1779 2654 et

131 2694 253 2732 agros
287 2685 331 2720 D.
428 2685 485 2721 13.
519 2695 656 2720 anona
688 2683 733 2720 V.
822 2681 1083 2718 distrahebat
1124 2679 1238 2715 DVS.
1329 2688 1497 2724 quoque
1536 2676 1601 2724 (z
1624 2674 1779 2717 autem)

131 2753 209 2779 om.
243 2742 325 2778 DV.
400 2741 600 2788 segitibus
633 2740 672 2776 S.
750 2740 813 2775 14.
847 2738 1151 2774 habundabant
1182 2737 1262 2771 VA.
1328 2735 1387 2771 16.
1420 2733 1700 2780 compellabat
1733 2733 1776 2768 V.

135 2800 195 2836 17.
234 2800 408 2846 propter
446 2809 591 2834 necem
638 2797 748 2844 regis
794 2806 873 2832 om.
915 2795 955 2831 S.
1048 2795 1108 2830 19.
1149 2792 1340 2829 chathed.
1382 2792 1420 2827 S.
1510 2790 1624 2827 rosksv
1652 2791 1778 2833 DVA3

132 2856 377 2902 roskidense
419 2855 457 2891 S.
547 2855 612 2894 20,
653 2853 868 2904 ringstade
909 2852 1024 2888 codd.
1113 2849 1360 2886 michahelis
1407 2848 1458 2893 Ᾱ;
1505 2847 1694 2883 mikaelis
1734 2847 1777 2881 V.

132 2914 196 2950 21.
241 2913 419 2960 Insuper
464 2912 585 2956 VAS;
633 2912 683 2947 Et
729 2911 774 2946 D.
878 2907 957 2945 ffiffi
1003 2909 1130 2953 DVA;
1175 2905 1289 2943 ihfffi
1335 2906 1374 2944 S.
1480 2905 1542 2940 22.
1592 2905 1686 2950 Byz.
1736 2905 1779 2939 A.

132 2970 196 3007 23.
228 2969 389 3016 reliqiis
421 2969 461 3005 S.
537 2969 616 3005 Sed
648 2979 725 3003 om.
758 2966 834 3003 As.
895 2967 960 3003 24.
992 2968 1169 3001 mortem
1202 2974 1302 3000 vero
1330 2963 1372 2998 R.
1399 2962 1474 2998 AS.
1552 2961 1693 2997 Rodus
1719 2958 1777 2996 8³.

134 3027 196 3064 25.
228 3026 395 3063 ricardo
422 3026 470 3070 S;
501 3025 699 3062 richardo
726 3026 758 3059 Α
789 3020 1069 3072 (Rich(u)aldo
1102 3019 1235 3068 Saxo).
1312 3021 1465 3055 asserus
1491 3019 1535 3054 Α.
1597 3019 1659 3054 27.
1695 3017 1777 3053 sere

133 3095 210 3120 om.
242 3084 321 3120 As.
