2150 3584
429 241 510 280 296
769 238 1058 279 SCRIPTORES‘
1078 250 1305 280 HISTORIAE
1337 250 1514 280 DANICAE
1547 251 1749 281 M1Nonsss

428 364 545 417 regis
561 364 889 405 hebetudinem
910 365 965 405 ad
992 376 1189 406 acumen
1220 364 1334 405 dixit
1359 377 1406 405 se
1431 365 1711 406 carbonibus
1734 366 2079 418 perducturum.

433 438 640 477 Tandem
681 436 839 488 Ingelli
879 437 1072 477 domum
1109 437 1341 490 ingressus
1373 437 1541 489 locum,
1587 437 1665 478 vbi
1696 437 1895 478 maiores
1927 438 2082 479 sedere

433 513 782 560 consueuerant,
815 509 1099 558 conscendit;
1132 522 1239 550 nam
1273 510 1370 563 ipse
1402 510 1526 563 apud
1559 521 1685 562 reges
1711 523 1891 563 semper
1917 510 2084 563 dignis-

434 582 603 622 simum
636 581 790 622 locum
822 582 991 622 habere
1024 585 1339 622 consueuerat.
1403 582 1552 633 Quem
1586 595 1692 623 cum
1723 582 1880 634 regina
1910 582 2085 623 videret

387 657 406 687 5
432 654 686 706 agrestibus
727 653 893 707 pannis
933 653 1162 705 indutum,
1209 666 1293 694 nec
1323 653 1476 707 ipsum
1510 659 1787 707 agnosceret,
1834 654 2082 706 obiurgans

428 725 553 767 iubet
606 738 712 766 eum
765 726 821 766 de
874 726 976 767 loco
1022 726 1256 778 recedere,
1318 739 1375 766 ne
1430 726 1600 767 vilibus
1653 727 1819 780 pannis
1873 726 2082 768 cussinos

428 798 649 851 deturpet.
719 798 774 838 At
818 798 907 851 ille,
955 798 1057 838 licet
1105 809 1207 850 egre
1254 798 1389 839 ferret
1433 799 1682 852 repulsam,
1727 803 1881 840 tamen
1927 803 2082 840 tacens

430 870 624 911 surrexit
654 883 708 911 ac
738 870 786 910 in
818 870 976 912 Vltima
1011 874 1137 924 parte
1169 871 1337 911 domus
1370 883 1416 911 se
1448 871 1639 922 locauit,
1687 872 1797 912 dum
1841 875 1995 912 autem
2035 884 2082 912 se

430 947 630 995 poneret,
663 946 789 983 tanto
823 942 1028 996 corporis
1054 942 1259 996 impulsu
1289 943 1508 996 parietem
1535 944 1695 996 mouit,
1728 948 1774 984 vt
1797 944 1888 984 fere
1912 947 2082 984 tectum

361 1019 402 1050 10
430 1015 687 1055 corruisset.
736 1015 885 1066 Quem
913 1027 1018 1056 cum
1040 1015 1237 1068 Ingellus
1262 1016 1317 1055 de
1349 1016 1600 1056 venacione
1632 1015 1813 1057 rediens
1845 1015 2082 1068 diligenter

429 1087 765 1128 considerando
799 1088 1076 1140 agnouisset,
1122 1100 1309 1128 vxorem
1343 1088 1399 1128 de
1431 1087 1598 1128 iniuria
1632 1088 1671 1128 ei
1703 1088 1822 1129 facta
1851 1087 2083 1140 redarguit

429 1172 495 1212 ac,
529 1164 577 1201 vt
608 1173 713 1201 eum
746 1159 846 1200 miti
878 1160 1080 1214 alloquio
1113 1173 1197 1201 nec
1230 1173 1323 1200 non
1355 1164 1396 1200 et
1427 1160 1582 1201 debito
1615 1160 1809 1202 seruicio
1841 1159 2081 1213 mitigaret,

427 1233 687 1286 imperauit,
734 1232 891 1273 dicens
937 1232 1137 1273 infancie
1185 1245 1264 1273 sue
1311 1232 1452 1273 fuisse
1497 1236 1708 1274 tutorem.
1786 1233 1928 1274 Nocte
1973 1245 2080 1273 vero

430 1305 600 1356 Ingello
632 1317 736 1345 cum
771 1305 878 1345 filiis
904 1305 1140 1357 Swertingi
1173 1309 1377 1356 cenante,
1411 1304 1524 1346 vidit
1554 1305 1617 1345 ibi
1651 1318 1789 1347 senex
1820 1304 2081 1345 luxuriosas

361 1380 402 1410 15
428 1378 569 1430 dapes
601 1377 843 1430 cumulari,
875 1390 978 1418 assa
1011 1381 1052 1417 et
1083 1377 1194 1417 elixa
1228 1377 1501 1430 multiplicia
1533 1377 1766 1428 alternari3
1799 1391 1887 1431 que
1920 1377 2078 1418 omnia

428 1450 716 1503 contempsit,
754 1449 987 1490 rusticano
1021 1449 1123 1490 cibo
1156 1453 1412 1502 contentus,
1454 1463 1510 1491 ne
1542 1450 1714 1504 aliquid
1747 1450 1990 1491 remitteret
2022 1451 2077 1490 de

427 1522 738 1576 temperancia
784 1526 1016 1563 consueta.
1108 1522 1226 1562 Nam
1280 1522 1449 1574 Dania,
1511 1535 1598 1576 que
1655 1523 1891 1576 quondam
1948 1522 2080 1576 quasi

428 1594 695 1635 naturaliter
727 1594 1064 1635 continenciam
1099 1594 1275 1646 habuit,
1307 1598 1512 1647 tempore
1539 1594 1697 1647 Ingelli
1728 1607 1809 1648 per
1840 1598 2078 1635 extraneos

429 1666 659 1707 luxuriam
699 1666 965 1720 acceptauit.
1031 1667 1152 1706 Dum
1194 1666 1330 1718 igitur
1369 1679 1506 1707 senex
1547 1667 1794 1708 abstineret
1824 1679 1850 1707 a
1883 1666 2080 1718 ferculis,

360 1743 401 1774 20
429 1743 550 1779 totus
582 1739 818 1780 iracundie
851 1739 1012 1792 spiritu
1045 1739 1260 1792 repletus,
1289 1743 1388 1779 tum
1417 1739 1525 1794 quia
1550 1739 1664 1780 vidit
1688 1752 1839 1780 mores
1863 1738 2081 1792 pristinos

428 1811 520 1851 iam
567 1813 856 1864 dampnatos,
903 1815 1002 1852 tum
1048 1811 1157 1866 quia
1202 1811 1315 1852 vidit
1361 1811 1671 1853 interfectores
1717 1811 1944 1853 carissimi
1992 1811 2079 1852 sibi

430 1884 677 1924 Frothonis
715 1884 763 1924 in
803 1896 986 1924 summa
1027 1884 1144 1936 regis
1182 1884 1333 1936 gracia
1365 1884 1658 1937 commorari,
1705 1884 1874 1937 regina,
1921 1884 2081 1925 volens

430 1969 535 1996 eum
582 1957 705 1997 dono
752 1956 1000 2008 consolari,
1056 1957 1216 1997 vittam
1272 1956 1661 2010 preciosissimam
1710 1956 1847 2011 capiti
1893 1956 2079 2010 proprio

429 2029 674 2069 detrahens
720 2028 766 2069 in
813 2029 917 2069 sinu
965 2028 1062 2069 eius
1109 2028 1329 2081 ponebat,
1386 2041 1527 2082 quam
1581 2029 1656 2070 ille
1702 2029 1888 2083 capiens
1933 2028 1979 2069 in
2028 2042 2079 2070 os

361 2105 403 2136 25
430 2101 582 2152 regine
619 2101 786 2154 reiecit,
832 2100 1074 2153 indignum
1113 2105 1332 2154 reputans
1379 2105 1517 2154 caput
1559 2115 1697 2142 suum
1743 2102 1878 2155 peplo
1924 2101 2078 2153 velari,

517 2223 550 2258 1.
582 2221 879 2258 hebetudinem
909 2219 974 2268 833
1006 2222 1171 2259 ebetud.
1197 2220 1299 2268 S¹A3
1331 2222 1518 2259 hebitud.
1537 2222 1619 2258 DV.
1695 2222 1746 2258 ad
1779 2222 2015 2259 acuendum
2034 2223 2078 2258 A.

429 2279 737 2326 producturum
768 2277 907 2327 (mam)
946 2277 1059 2328 A(S).
1150 2280 1185 2316 2.
1229 2280 1401 2316 domum
1446 2280 1714 2326 ingressurus
1752 2279 1876 2325 codd„
1923 2279 2081 2316 correxi

427 2347 628 2397 (hospitio
662 2359 763 2384 usus
794 2345 927 2396 Saxo).
990 2347 1024 2383 3.
1061 2349 1279 2384 sueuerant
1309 2349 1362 2393 A;
1394 2350 1576 2385 swerant
1608 2347 1647 2383 S.
1709 2349 1744 2385 5.
1777 2340 2002 2397 agseerato)
2024 2348 2079 2393 V;

430 2408 702 2451 cognosceret
734 2404 773 2440 S.
844 2404 878 2442 6.
911 2404 1027 2441 iubet
1058 2415 1153 2441 eum
1185 2403 1247 2454 (S:
1281 2403 1437 2454 ipsum)
1467 2405 1793 2442 vt..recederet
1822 2405 1899 2442 AS.
1962 2405 1997 2441 7.
2031 2415 2080 2441 ac

429 2462 498 2498 ille
531 2462 569 2498 S.
633 2463 667 2497 8.
700 2462 851 2498 domus
884 2472 962 2498 om.
993 2462 1069 2498 AS.
1140 2462 1176 2500 9.
1210 2463 1345 2498 mouit
1375 2473 1424 2498 ac
1456 2462 1541 2498 fere
1575 2463 1620 2499 D.
1702 2466 1856 2499 tectum
1889 2473 1965 2499 om.
1998 2462 2075 2498 AS.

433 2520 493 2555 10.
537 2520 729 2555 teruisset
767 2516 825 2563 Sl,
871 2519 939 2555 sed
976 2529 1078 2556 corr.
1121 2518 1178 2555 S2.
1269 2519 1441 2556 veniens
1486 2519 1564 2556 AS.
1663 2521 1725 2556 11.
1768 2519 2077 2555 considerando

430 2587 507 2612 om.
533 2576 571 2612 S.
646 2577 808 2611 incuria
834 2576 874 2612 S.
951 2576 1031 2612 sibi
1056 2574 1153 2625 (pro
1179 2574 1231 2624 ei)
1254 2577 1332 2613 AS.
1410 2577 1682 2623 redarguerat
1706 2577 1751 2613 V.
1814 2577 1877 2612 12.
1909 2576 2077 2622 eloquio

431 2633 544 2669 DAS.
610 2634 671 2669 13.
705 2633 909 2669 tuciorem
934 2635 977 2669 A.
1043 2634 1104 2670 14.
1137 2633 1293 2680 Ingello
1326 2644 1403 2670 om.
1430 2635 1473 2670 A.
1552 2634 1743 2680 svartingi
1775 2635 1808 2670 A
1839 2633 1877 2670 Ii.
1905 2633 1926 2670 l.
1957 2633 2077 2669 solus.

433 2693 650 2726 cenantem
684 2691 729 2729 V.
813 2690 870 2726 ibi
903 2701 973 2726 sex
1005 2691 1050 2726 A.
1127 2690 1189 2728 15.
1221 2690 1353 2738 dapas
1384 2692 1429 2728 A.
1514 2701 1609 2727 ossa
1622 2688 1662 2740 (Ι)
1693 2691 1732 2727 S.
1813 2690 1919 2727 elixa
1949 2690 2077 2735 Sax03

434 2747 512 2783 lixa
558 2747 669 2782 codd.
764 2748 825 2784 16.
871 2748 1102 2784 remitteret
1145 2748 1271 2793 Saoe03
1325 2748 1534 2784 amitteret
1579 2749 1632 2792 D3
1692 2748 1919 2784 dimitteret
1964 2747 2075 2783 VAS.

436 2805 497 2840 17.
539 2804 820 2850 temperancie
864 2808 1065 2840 consueta
1101 2803 1124 2853 (1
1157 2816 1236 2842 om.
1271 2803 1337 2854 de)
1366 2805 1410 2841 A.
1501 2805 1624 2853 odam
1662 2802 1874 2854 (condam)
1911 2804 1989 2849 VS,
2037 2806 2078 2840 ul

432 2861 589 2906 scepius.
655 2862 716 2897 18.
749 2864 968 2898 extraneas
986 2859 1029 2898 A.
1093 2862 1156 2898 20.
1188 2863 1405 2899 iracundie
1424 2863 1469 2899 D.
1533 2862 1701 2899 20—21.
1728 2865 1816 2898 tum
1836 2864 1973 2899 ..tum
1991 2861 2077 2904 AS;

432 2917 604 2963 tfi..tf1,
636 2920 679 2954 ut
710 2918 798 2963 vid„
826 2918 908 2954 DV.
970 2919 1034 2955 20.
1066 2920 1266 2965 pristinas
1290 2919 1333 2955 A.
1395 2919 1460 2956 21.
1494 2919 1598 2955 vidit
1628 2929 1705 2955 om.
1730 2918 1797 2955 AS
1828 2918 1866 2955 11.
1896 2919 1919 2955 I.
1996 2918 2074 2954 sibi

432 2985 512 3010 car.
538 2975 584 3019 S3
616 2974 725 3011 kfffii
757 2975 836 3010 sibi
862 2976 906 3011 V.
969 2976 1033 3011 23.
1066 2976 1215 3012 victam
1235 2977 1280 3012 V.
1343 2976 1508 3012 23-24.
1541 2976 1767 3012 detrahens
1800 2975 1975 3023 proprio
1999 2974 2075 3011 AS.

433 3033 493 3066 25.
528 3032 647 3067 eiecit
678 3032 723 3066 V.
802 3032 1022 3077 indignans
1055 3043 1140 3079 rep.
1174 3034 1225 3079 ὓς
1258 3044 1342 3079 rep.
1376 3033 1592 3079 indignum
1626 3033 1702 3069 AS.
1779 3033 1934 3079 pepulo
1967 3032 2007 3069 S.
