2150 3584
81 1426 120 1458 15

79 1789 120 1820 20

78 2150 119 2181 25

78 2511 119 2544 30

478 183 699 213 SVENONIS
730 184 922 213 AGGONIS
956 186 1058 213 FILII
1093 186 1175 214 LEX
1208 187 1475 216 CASTRENSIS
1740 179 1785 217 9]

952 297 990 358 S

146 1422 292 1462 donec
316 1421 374 1461 ita
401 1421 491 1462 ueli
517 1422 645 1462 sinus
671 1427 836 1464 uentus
860 1423 1132 1477 impleuerit,
1158 1428 1206 1464 ut
1232 1424 1503 1464 intuentium
1526 1437 1571 1464 se
1589 1426 1792 1478 aspectui

146 1493 428 1543 subduxerit3
456 1498 535 1534 aut
557 1494 607 1546 si,
638 1495 844 1536 Fauonio
870 1509 962 1536 non
988 1496 1183 1549 fauente,
1210 1496 1346 1537 remis
1374 1498 1521 1537 undas
1544 1497 1790 1550 impulerit,

145 1566 290 1606 donec
334 1579 567 1607 remorum
616 1572 853 1620 aspectum
901 1572 1173 1609 cunctorum
1220 1569 1365 1609 oculis
1412 1570 1697 1620 subtraxerit,
1744 1570 1790 1610 in

144 1638 291 1678 littore
321 1642 533 1679 tenentur
564 1641 813 1692 prestolari.
877 1641 962 1682 Ubi
995 1654 1104 1682 uero
1138 1642 1276 1695 paulo
1309 1642 1488 1694 longius
1521 1646 1790 1695 prouectum

146 1710 191 1750 in
232 1711 391 1764 pelago
438 1711 699 1753 delitescere
746 1713 1121 1763 existimauerim,
1169 1714 1360 1755 classico
1402 1715 1613 1767 clangore
1651 1715 1791 1754 ternis

146 1782 325 1823 uicibus
358 1783 660 1825 uociferantes
693 1785 878 1838 antique
912 1786 1293 1827 confederationis
1322 1786 1420 1827 iura
1446 1787 1531 1840 ipsi
1562 1787 1790 1838 resignare

145 1855 321 1897 debent.
386 1857 462 1898 Sin
505 1861 657 1897 autem
697 1857 744 1897 in
785 1858 882 1898 solo
915 1859 1054 1898 natali
1089 1859 1281 1899 extiterit
1313 1863 1355 1899 et
1386 1860 1575 1912 predicti
1608 1860 1790 1899 sceleris

145 1927 316 1969 crimen
354 1929 608 1981 incurrerit,
655 1930 925 1970 uniuersum
969 1931 1163 1972 militare
1205 1932 1446 1984 collegium
1493 1933 1550 1972 ad
1589 1931 1788 1972 nemoris

145 2000 413 2042 densitatem
447 2015 552 2043 eum
586 2002 793 2043 comitari
825 2006 1002 2043 tenetur
1036 2003 1174 2057 inque
1206 2004 1408 2044 nemoris
1439 2004 1585 2045 fronte
1621 2008 1789 2057 presto-

144 2072 240 2122 lari,
273 2073 419 2115 donec
452 2087 497 2115 se
525 2075 639 2115 adeo
666 2075 918 2115 recedendo
947 2076 1206 2128 semouerit,
1239 2089 1382 2129 opaca
1408 2077 1605 2130 quelibet
1630 2080 1787 2130 tesqua

145 2144 308 2198 legens,
356 2150 404 2186 ut
442 2159 601 2187 eorum
641 2147 889 2188 clamorem
930 2152 1008 2188 aut
1039 2148 1415 2189 uociferationem
1448 2150 1662 2190 exaudire
1695 2162 1787 2189 non

145 2217 350 2259 ualuerit.
414 2218 589 2259 Deinde
622 2218 835 2259 uniuersa
870 2219 1240 2260 commilitonum
1272 2221 1387 2273 legio
1419 2223 1524 2262 totis
1560 2234 1651 2261 una
1684 2221 1787 2261 uiri-

144 2288 230 2330 bus
260 2290 378 2330 trina
410 2291 737 2332 uociferatione
770 2292 922 2332 ualide
954 2292 1271 2345 proclamabit,
1304 2306 1360 2334 ne
1392 2294 1478 2334 alia
1513 2295 1569 2335 ad
1603 2307 1680 2334 eos
1713 2294 1785 2333 uia

145 2362 288 2402 redire
335 2363 489 2416 possit.
552 2364 654 2414 Quo
701 2363 834 2415 facto,
883 2365 969 2404 hac
1014 2365 1109 2416 lege
1154 2368 1365 2405 tenentur
1411 2367 1594 2413 astricti,
1642 2370 1702 2418 ut,
1751 2366 1785 2406 si

144 2434 387 2488 quisquam
427 2436 797 2476 commilitonum
837 2449 928 2476 uno
961 2436 1110 2476 saltim
1144 2437 1310 2478 comite
1348 2443 1427 2479 aut
1459 2439 1546 2479 telo
1580 2439 1786 2492 superior

145 2506 207 2546 illi
255 2509 549 2560 postmodum
599 2508 864 2559 occurrerit,
912 2521 1109 2562 eumque
1156 2522 1248 2549 non
1295 2510 1533 2563 inuaserit,
1580 2511 1784 2551 eiusdem

143 2578 392 2631 ignominie
425 2583 466 2620 et
497 2580 716 2633 probrose
749 2581 1106 2633 nuncupationis
1138 2581 1358 2622 iacturam
1390 2584 1542 2624 subire
1567 2587 1782 2624 teneatur.

227 2730 290 2766 Ad
322 2730 361 2767 S.
422 2732 590 2768 27-28.
625 2732 786 2769 valide.
808 2762 814 2768 .
835 2732 973 2768 redire
1005 2733 1149 2779 possit,
1195 2732 1264 2778 cfr.
1296 2736 1403 2772 Samo
1432 2746 1470 2781 ρ.
1504 2734 1595 2772 531.
1625 2736 1674 2770 15
1698 2745 1781 2781 sqq.

146 2787 208 2824 29.
243 2798 327 2823 uno
360 2788 496 2824 saltim
530 2789 959 2836 comite..superior,
990 2789 1060 2835 cfr.
1095 2789 1202 2826 Saxo
1231 2805 1271 2840 p,
1307 2793 1399 2836 532,
1423 2793 1456 2830 ζ),
