2150 3584
251 988 292 1019 10

251 1350 292 1380 15

252 1712 296 1742 20

254 2076 296 2106 25

256 2438 297 2468 30

316 207 398 246 432
658 215 933 245 SCRIPTORES
966 215 1193 245 H1s'romAE
1225 214 1402 244 DANICAE
1434 215 1633 244 MmoREs

318 330 558 384 impedita,
613 329 799 369 tandem
853 330 946 381 regi
1002 329 1271 370 mirabiliter
1321 328 1532 369 innotuit.
1610 328 1726 368 Nam
1774 328 1963 381 quidam

318 402 556 444 Teutonici
597 403 642 442 in
676 401 870 442 seruicio
904 402 1131 442 dictorum
1165 401 1534 454 conspiratorum
1567 404 1804 441 manentes
1835 413 1965 441 vene-

315 479 422 515 runt
453 476 593 516 semel
624 475 671 515 in
705 474 897 514 domum
931 474 1172 514 cuiusdam
1206 473 1392 526 solitarij
1427 473 1473 513 in
1512 473 1642 525 silua,
1690 473 1766 513 vbi
1806 473 1965 513 ammi-

315 549 461 588 rando
494 547 756 587 adinuicem
785 547 1104 600 loquebantur,
1137 545 1330 600 qualiter
1355 558 1433 585 rex
1458 545 1574 585 inter
1598 549 1663 585 tot
1690 544 1966 585 domesticas

316 620 508 660 insidias
546 619 820 660 constitutus
860 623 951 659 tam
987 619 1065 658 diu
1101 619 1239 659 vitam
1271 617 1502 658 tenuisset.
1563 618 1631 657 Ad
1674 617 1830 657 omnia
1869 617 1966 657 dili-

317 696 470 744 genter
509 693 705 733 aduertit
742 691 817 732 ille
856 691 1085 731 solitarius
1118 690 1181 731 eis
1214 690 1537 741 nescientibus,
1584 702 1637 730 ac
1667 690 1964 742 postmodum

316 765 409 816 regi
443 778 521 818 per
553 766 784 817 quendam
819 776 1031 803 securum
1066 763 1286 803 nuncium
1321 762 1565 802 intimauit.
1623 762 1831 814 Cumque
1863 774 1967 802 con-

318 837 564 890 spiratores
595 837 896 888 intelligerent
928 835 1118 875 insidias
1151 848 1257 875 suas
1288 834 1381 886 regi
1412 834 1739 886 manifestatas,
1773 834 1968 886 Magnus

318 909 430 961 fugit
461 910 518 949 ad
553 909 810 960 Hinricum,
858 909 1023 948 ducem
1056 908 1315 957 Saxonum3
1364 907 1574 947 Kanutus
1616 910 1658 947 et
1691 906 1888 947 Karulus
1919 905 1967 946 in

320 981 542 1022 Sweciam
586 981 872 1033 aufugerunt.
936 980 1158 1031 Tandem,
1205 979 1434 1019 mediante
1480 978 1725 1029 AbsoIone,
1774 979 1967 1030 Magnus

317 1053 497 1093 rediens
540 1066 694 1094 coram
739 1063 840 1104 rege
878 1056 1021 1092 totam
1062 1052 1224 1092 seriem
1266 1051 1539 1091 insidiarum
1587 1050 1674 1090 sibi
1713 1049 1965 1103 positarum

318 1125 509 1179 aperuit,
557 1126 714 1166 dicens
747 1138 852 1165 eum
885 1125 982 1165 sola
1015 1124 1173 1164 diuina
1207 1123 1456 1164 clemencia
1488 1126 1820 1163 conseruatum.
1884 1122 1968 1164 Cui

317 1211 396 1239 rex
436 1202 569 1250 negat
608 1196 979 1249 familiaritatem,
1011 1198 1037 1247 †
1068 1196 1328 1237 amiciciam
1368 1195 1579 1245 donauit;
1620 1195 1696 1236 sed
1732 1195 1965 1235 Kanutum

319 1274 361 1311 et
393 1271 618 1311 Karulum
650 1282 734 1310 nec
765 1269 911 1309 eciam
943 1268 1095 1309 videre
1127 1268 1321 1309 volebat.

405 1343 609 1383 XXVIII.
666 1342 774 1382 Post
805 1342 889 1381 hec
922 1354 999 1381 rex
1029 1341 1297 1382 conuocatis
1330 1339 1548 1381 omnibus
1577 1339 1811 1380 nobilibus
1831 1339 1970 1380 Dacie

320 1420 361 1455 et
408 1415 575 1457 Swecie
621 1415 792 1467 regales
839 1413 1031 1466 nupcias
1080 1413 1174 1454 filio
1223 1427 1306 1454 suo
1354 1414 1536 1453 Kanuto
1584 1412 1700 1454 fecit.
1789 1412 1970 1462 Quibus

320 1490 514 1541 peractis
572 1487 772 1527 Eskillus
827 1486 1222 1539 archiepiscopus,
1283 1497 1435 1538 regem
1491 1489 1661 1526 secreto
1716 1485 1969 1538 alloquens,

320 1560 497 1614 aperuit
542 1560 768 1600 intentum
819 1571 956 1598 suum
1002 1559 1058 1598 de
1105 1558 1385 1599 monasterio
1431 1558 1667 1609 intrando,
1715 1557 1879 1597 addens
1925 1570 1971 1597 se

321 1634 490 1673 habere
522 1633 692 1672 litteras
726 1631 926 1684 papales,
960 1631 1129 1684 quibus
1162 1631 1248 1671 sibi
1281 1630 1512 1670 dabantur
1544 1634 1585 1670 et
1617 1629 1806 1670 licencia
1838 1629 1971 1681 resig-

322 1705 463 1745 nandi
496 1708 538 1745 et
569 1703 814 1745 auctoritas
848 1703 990 1743 alium
1024 1703 1303 1743 instituendi.
1368 1703 1451 1743 Die
1483 1706 1637 1743 autem
1669 1705 1835 1742 statuta
1868 1713 1972 1742 con-

324 1778 514 1817 ueniunt
546 1776 747 1830 episcopi
782 1777 1025 1816 Lundiani.
1088 1775 1289 1816 Eskillus
1322 1788 1479 1816 coram
1512 1774 1730 1815 omnibus
1762 1773 1972 1826 ostendit,

322 1853 576 1890 conuocato
610 1849 797 1902 populo,
844 1852 1063 1902 quantam
1101 1848 1457 1889 sollicitudinem
1491 1860 1574 1900 pro
1607 1846 1796 1887 ecclesia
1829 1846 1972 1886 habu-

323 1926 429 1973 erat,
462 1922 700 1975 litteraque
730 1934 846 1974 pape
872 1922 985 1961 lecta
1011 1933 1167 1961 coram
1193 1920 1410 1960 omnibus
1436 1920 1655 1960 baculum
1682 1923 1723 1959 et
1747 1919 1971 1959 annulum

324 2007 460 2047 super
492 2007 619 2034 aram
653 1994 793 2047 ponit.
859 1993 1014 2033 Multis
1053 1996 1205 2033 autem
1251 1992 1613 2044 lacrimantibus,
1661 2004 1766 2032 cum
1800 2004 1974 2032 succes-

324 2079 473 2106 sorem
507 2066 747 2106 nominare
779 2066 977 2118 deberet,
1009 2065 1080 2105 ius
1113 2079 1249 2105 suum
1276 2065 1362 2105 sibi
1388 2078 1413 2105 a
1438 2065 1627 2105 domino
1663 2077 1782 2118 papa
1814 2064 1972 2104 datum

324 2138 524 2191 capitulo
566 2138 799 2179 Lundensi
840 2138 1000 2178 tribuit
1037 2151 1119 2191 pro
1159 2145 1421 2178 successore
1460 2137 1679 2189 eligendo.
1745 2136 1974 2177 Omnibus

323 2215 475 2250 autern
496 2210 883 2251 concordantibus
901 2210 948 2250 in
967 2211 1262 2262 Absolonem,
1293 2210 1559 2250 omnimode
1577 2208 1738 2249 restitit
1755 2208 1973 2261 Absolon,

325 2283 450 2322 nullo
484 2284 623 2323 modo
656 2287 892 2335 acceptare
924 2284 1096 2334 volens,
1144 2295 1291 2336 neque
1334 2282 1479 2322 flexus
1510 2281 1724 2334 precibus
1756 2280 1976 2334 archiepi—

324 2355 450 2407 scopi
490 2368 638 2409 neque
677 2355 813 2407 regis;
861 2356 1061 2406 tandem,
1110 2368 1215 2395 cum
1256 2354 1477 2395 violenter
1517 2367 1622 2393 eum
1663 2353 1710 2393 in
1758 2354 1975 2394 cathedra

324 2428 657 2481 archiepiscopi
698 2429 846 2467 locare
888 2428 1066 2479 vellent,
1114 2428 1171 2467 ad
1211 2427 1384 2467 curiam
1419 2426 1680 2479 appellauit.
1745 2426 1974 2466 Pendente

411 2538 445 2574 3.
473 2538 688 2573 amirande
706 2539 748 2573 A.
812 2538 847 2573 6.
880 2537 948 2572 ille
973 2548 1049 2572 om.
1069 2537 1144 2572 AS.
1208 2534 1342 2584 904).
1376 2536 1547 2571 karolus
1568 2536 1607 2572 S.
1674 2536 1735 2571 12.
1768 2535 1975 2582 apparuit,

324 2606 424 2631 corr.
465 2595 504 2630 in
543 2595 738 2642 apperuit
775 2595 839 2640 (z
867 2593 932 2642 18)
970 2595 1015 2629 V.
1100 2597 1342 2641 oseruatum
1382 2593 1526 2639 scripsi
1564 2592 1794 2641 (seruatum
1837 2591 1976 2637 Saxo);

326 2653 598 2688 obseruatum
631 2652 743 2687 codd.
812 2653 873 2688 13.
907 2651 1139 2687 amiciciam
1173 2651 1297 2695 codd„
1334 2651 1401 2686 vix
1431 2652 1547 2694 Γραῖα
1584 2653 1624 2685 at
1656 2650 1822 2685 ueniam
1855 2649 1976 2695 epito-

327 2711 522 2745 malorem
548 2706 755 2755 scripsisse
780 2709 908 2752 credo,
937 2708 1139 2744 Saxonem
1166 2710 1334 2744 secutus.
1403 2708 1463 2743 14.
1488 2707 1619 2743 voluit
1644 2707 1682 2742 S.
1747 2707 1807 2742 15.
1830 2706 1977 2742 nobili—

327 2767 404 2801 bus
452 2778 529 2802 om.
576 2768 619 2802 A.
698 2767 760 2803 16.
813 2767 976 2801 Kanuto
1024 2776 1102 2801 om.
1151 2765 1188 2800 S.
1278 2766 1338 2801 18.
1385 2765 1512 2801 addes
1558 2764 1721 2810 scripsi3
1767 2774 1815 2799 ac
1861 2763 1973 2799 codd.

332 2824 391 2858 19.
434 2824 644 2859 dabantur
681 2825 745 2867 (A:
787 2824 980 2867 dabatur)
1015 2825 1106 2868 post
1146 2822 1392 2858 instituendi
1433 2823 1585 2866 transp.
1630 2821 1705 2857 AS.
1788 2823 1827 2856 et
1860 2820 1976 2867 prius

328 2891 405 2916 0111.
449 2881 486 2916 S.
564 2882 627 2916 21.
678 2881 808 2932 lunde
855 2881 987 2925 codd.;
1035 2880 1193 2915 Lundis
1242 2877 1467 2925 Lanyebelc.
1543 2879 1607 2914 22.
1656 2879 1888 2914 conuocate
1930 2877 1974 2913 A.

329 2937 596 2972 solitudinem
618 2938 661 2972 V.
723 2938 786 2974 24.
823 2937 1054 2983 posuitAS.
1118 2938 1180 2972 25.
1215 2936 1433 2972 debereret
1450 2936 1493 2972 A.
1555 2936 1617 2971 27.
1643 2936 1683 2970 in
1710 2935 1912 2970 absolone
1937 2935 1976 2970 S.

331 2994 392 3029 28.
427 2995 556 3029 flexus
588 2991 754 3042 geilstsslffl
778 2994 975 3041 precibus
1008 2994 1052 3029 V.
1114 2995 1177 3030 29.
1212 3005 1305 3029 eum
1341 2999 1417 3042 qut}
1451 2994 1490 3028 in
1524 2992 1755 3028 chathedra
1789 2992 1827 3027 S.
