2150 3584
37 1287 76 1318 10

36 1650 75 1681 15

35 2014 76 2045 20

37 2377 78 2408 25

237 193 455 222 stNoms
487 193 679 222 Aoooms
713 193 815 221 rim
850 193 1008 222 nnssws
1042 192 1253 222 nisronu
1288 193 1437 222 REGVM
1473 193 1604 222 meir:
1668 182 1743 221 127

906 305 945 367 S

103 416 252 469 itaque
278 415 485 456 Svenone
512 425 614 467 rege
647 414 769 454 filius
802 413 898 454 eius
925 413 1168 464 Haraldus,
1201 427 1336 467 quem
1370 414 1429 454 ob
1456 413 1746 465 benignitatis

104 487 339 529 mollitiem
387 487 544 528 Cotem
592 485 1004 538 cognominabant,
1061 486 1278 526 successit
1325 487 1368 526 in
1418 498 1568 538 regno.
1663 487 1747 526 Hic

103 560 278 615 primus
323 560 442 612 leges
485 559 627 600 Danis
674 559 719 599 in
767 558 885 610 regie
932 557 1165 598 electionis
1206 558 1305 599 loco
1346 558 1435 598 iam
1484 559 1604 599 dicto
1652 571 1746 611 pre-

102 633 282 687 scripsit
312 636 448 685 atque
479 631 669 684 rogauit.

808 807 932 848 CAP.
967 807 1040 848 XI.

197 881 434 959 Haraldo
465 915 680 956 defuncto
714 915 848 955 frater
887 914 985 955 eius
1018 915 1227 954 Kanutus
1268 914 1314 954 in
1346 924 1484 965 regno
1518 914 1747 966 successit,

101 1002 236 1044 quem
275 988 573 1031 othoniensis
613 987 801 1029 ecclesia
844 991 1112 1027 coronatum
1155 986 1374 1038 gloriatur
1417 986 1586 1026 habere
1633 999 1748 1026 mar-

100 1066 264 1116 tyrem:
314 1074 421 1113 non,
469 1065 518 1101 ut
555 1061 745 1114 quidam
777 1059 1070 1111 arbitrantur,
1118 1063 1302 1112 propter
1335 1058 1526 1099 nimiam
1560 1058 1748 1099 crudeli-

100 1134 203 1174 tatis
250 1133 461 1174 seuitiam
507 1133 581 1174 uel
626 1132 784 1185 iugum
832 1132 1140 1183 intolerabile,
1195 1132 1318 1186 quod
1378 1131 1498 1185 plebi
1552 1131 1748 1171 crudelis

100 1207 391 1259 irrogauerat.
455 1207 550 1246 Hec
586 1205 707 1246 enim
748 1217 887 1245 causa
927 1204 1071 1245 extitit
1102 1204 1446 1258 persecutionis.
1509 1204 1748 1256 Tempore,

102 1292 192 1333 quo
240 1278 474 1331 potestatis
521 1277 805 1332 plenitudine
852 1277 1026 1327 floruit,
1081 1277 1256 1330 paterni
1312 1277 1382 1317 sui
1436 1276 1656 1317 auunculi
1704 1289 1749 1316 se

101 1350 246 1392 doluit
271 1351 596 1391 exheredatum
622 1350 836 1403 potentia.
886 1349 1086 1390 Collecto
1112 1349 1266 1403 itaque
1291 1349 1488 1389 exercitu
1515 1349 1749 1402 classeque

101 1426 383 1476 congregata,
429 1436 518 1477 qua
551 1423 762 1475 Angliam
804 1426 1146 1476 expugnaturus
1187 1422 1436 1472 inuaderet,
1485 1421 1530 1462 in
1567 1421 1750 1473 Humla,

101 1508 188 1549 que
219 1499 329 1536 tunc
359 1495 579 1548 temporis
612 1499 770 1548 portus
802 1494 943 1535 maris
976 1494 1132 1547 extitit,
1164 1498 1311 1535 totum
1345 1494 1590 1534 exercitum
1618 1493 1751 1533 iussit

101 1568 359 1609 conuenire.
422 1567 512 1618 Qui
550 1568 661 1608 dum
701 1567 922 1607 instructa
954 1567 1098 1607 classe
1131 1566 1368 1607 subsolani
1401 1566 1746 1620 prosperitatem

103 1641 438 1694 prestolaretur,
487 1640 665 1680 subitus
712 1653 870 1680 rumor
916 1639 1032 1692 regis
1078 1639 1269 1680 auribus
1316 1638 1528 1691 intonuit,
1580 1638 1657 1692 qui
1704 1638 1749 1678 in

103 1712 307 1754 Slesvvik
352 1713 479 1765 regni
524 1712 830 1766 proditionem
879 1712 1144 1765 perdoceret
1190 1716 1408 1753 exortam.
1479 1711 1568 1762 Qui
1613 1723 1748 1752 cursu

100 1785 261 1840 rapido
307 1785 526 1839 omnique
571 1784 833 1825 festinantia
879 1784 990 1825 illuc
1033 1784 1118 1825 iter
1163 1785 1465 1837 accelerabat,
1523 1787 1747 1838 quatenus

102 1857 455 1912 conspirationis
493 1858 794 1911 pessundaret
836 1857 1100 1910 primordia.
1164 1858 1266 1908 Quo
1309 1870 1414 1898 cum
1463 1856 1663 1897 uenisset
1709 1859 1749 1896 et

102 1931 282 1972 sceleris
313 1934 496 1971 autores
529 1930 708 1970 uinctos
741 1934 783 1969 et
810 1929 1066 1982 captiuatos
1093 1943 1173 1970 sue
1199 1930 1506 1983 mancipasset
1529 1927 1748 1978 custodie,

102 2004 158 2043 ad
191 2003 398 2055 classem,
433 2016 573 2057 quam
605 2015 714 2044 casu
747 2002 1002 2056 reliquerat,
1035 2002 1272 2055 inopinato
1305 2015 1441 2042 cursu
1475 2013 1749 2054 prepropere

103 2075 357 2128 festinabat,
404 2088 512 2116 suos
558 2075 651 2116 illic
697 2075 943 2115 arbitratus
988 2074 1198 2128 reperire,
1245 2074 1324 2114 ubi
1368 2087 1444 2115 eos
1491 2074 1746 2126 reliquerat.

104 2147 218 2189 Cum
251 2152 402 2189 autern
436 2149 494 2188 ad
526 2148 679 2188 locum
713 2147 913 2188 uenisset
945 2147 1319 2200 predestinatum,
1352 2145 1681 2187 contumaciter
1707 2149 1748 2185 et

102 2220 416 2261 inobedienter
461 2220 704 2261 uniuersos
750 2220 805 2260 ad
848 2232 930 2259 sua
972 2219 1130 2259 didicit
1169 2232 1408 2260 remeasse.
1472 2218 1561 2269 Qui
1603 2217 1746 2258 nimio

103 2291 253 2333 furore
292 2305 554 2344 succensus,
601 2304 691 2346 qua
730 2292 997 2332 meritorum
1038 2291 1412 2345 compensatione
1451 2294 1573 2331 tante
1604 2294 1746 2330 trans—

103 2365 346 2416 gressionis
370 2369 527 2406 notam
553 2365 827 2418 percelleret,
860 2376 1015 2405 secum
1043 2364 1232 2404 sollicite
1258 2367 1579 2417 perscrutatur.
1629 2363 1746 2403 Nam

103 2437 266 2478 anxius
311 2438 460 2478 diuisa
506 2441 657 2478 mente
702 2436 912 2488 reuoluit,
960 2436 1096 2489 rigori
1139 2436 1234 2477 fore
1271 2436 1621 2487 detrahendum,
1667 2435 1746 2475 ubi

104 2509 408 2562 plurimorum
442 2513 610 2562 strages
642 2509 770 2561 iacet,
817 2521 901 2549 nec
941 2521 1188 2549 commune
1220 2508 1368 2549 scelus
1399 2512 1525 2548 tanta
1556 2511 1749 2548 nouerat

104 2582 362 2623 austeritate
393 2583 700 2636 plectendum,
746 2585 917 2635 quanta
955 2581 1070 2621 foret
1102 2593 1314 2621 excessus
1346 2581 1522 2634 priuate
1555 2592 1747 2633 persone

105 2654 428 2695 cohercendus.
519 2655 660 2695 Prout
704 2654 856 2707 itaque
902 2653 1018 2705 regis
1064 2653 1185 2705 rigor
1229 2652 1502 2703 dictauerat,
1556 2651 1746 2703 singulis

39 2736 81 2768 30
105 2725 484 2777 gubernatoribus
509 2726 809 2780 quadraginta
837 2738 1014 2766 marcas
1043 2725 1252 2766 soluendi
1276 2724 1573 2765 incumbebat
1599 2735 1748 2764 neces-

189 2922 252 2958 Ad
283 2922 322 2959 S.
387 2923 447 2959 10.
480 2923 644 2970 paterni
675 2922 942 2959 auunculi:
963 2922 1072 2958 Saaeo
1101 2933 1141 2967 p.
1175 2922 1265 2965 582,
1286 2922 1349 2958 10.
