2150 3584
342 1004 383 1035 10

344 1367 385 1397 15

344 1730 387 1761 20

341 2096 384 2126 25

408 220 490 261 388
747 229 1022 259 sempronsss
1055 228 1282 258 HlsTomAE
1314 226 1490 256 DANICAE
1522 227 1722 257 MINORES

410 349 610 395 inerunt3
650 358 774 397 nam,
806 344 955 397 ligatis
987 347 1090 398 post
1119 348 1243 396 terga
1276 342 1505 395 manibus,
1544 346 1916 384 ventres‘eorum
1955 355 2058 396 ape-

408 422 611 471 ruerunt,
651 418 891 471 primaque
922 417 1149 459 viscerum
1191 419 1317 469 parte
1350 418 1548 455 extracta
1587 427 1641 455 ac
1672 415 1777 468 palo
1810 415 1948 455 affixa
1980 427 2057 456 eos

409 505 487 544 per
519 490 761 531 circuitum
794 502 974 530 currere
1007 492 1264 541 coegerunt,
1311 489 1459 528 donec
1500 487 1661 540 egestis
1703 486 1957 529 visceribus
1989 499 2058 527 ex-

408 563 569 604 inaniti
602 564 827 604 caderent.
890 562 989 602 Tali
1023 561 1284 615 spectaculo
1318 560 1443 601 Slaui
1479 560 1621 600 territi
1652 573 1747 600 non
1779 559 1869 600 cito
1900 563 2056 612 postea

411 636 600 677 Daciam
634 635 934 688 inuadebant,

495 708 693 760 Contigit
710 711 878 759 autem,
896 711 943 747 vt
960 706 1204 760 episcopus
1223 705 1482 746 Bremensis
1500 716 1651 757 regem
1670 704 1855 744 Ericum
1876 707 2060 757 propter

408 781 587 835 aliquas
626 793 789 821 causas
832 779 1234 820 excommunicare
1274 778 1418 819 vellet.
1483 778 1618 828 Quod
1661 790 1738 817 rex
1769 776 2058 830 presenciens

409 853 671 908 appellauit,
713 853 964 905 adiensque
1002 851 1179 892 curiam
1218 854 1426 904 potenter
1469 849 1658 890 obiectis
1699 849 1902 902 episcopi
1934 849 2060 895 satis-

408 927 524 967 fecit.
589 926 781 979 Insuper
821 938 844 965 a
885 937 1005 978 papa
1037 923 1300 977 postulauit,
1345 923 1540 976 patriam
1575 935 1707 963 suam
1747 926 1788 962 et
1820 921 2058 962 ecclesiam

412 999 665 1040 Dacianam
704 1012 730 1039 a
770 997 1030 1051 prelacione
1069 995 1294 1038 Saxonica
1340 995 1536 1036 liberari.
1600 995 1739 1047 Papa,
1785 993 2057 1047 peticionem

410 1072 523 1113 tanti
548 1071 664 1124 regis
689 1074 894 1111 auertere
921 1069 1096 1122 nolens,
1129 1068 1341 1122 promisit
1364 1068 1604 1109 eeclesiam
1631 1066 1884 1107 Dacianam
1917 1066 2062 1107 archi-

411 1144 660 1199 episcopali
692 1144 868 1184 honore
899 1141 1122 1194 insigniri,
1164 1141 1319 1194 sicque
1351 1141 1491 1181 letum
1524 1151 1676 1192 regem
1717 1139 1843 1180 abire
1874 1139 2059 1179 dimisit.

498 1217 598 1257 IIII.
648 1216 733 1256 Sed
766 1215 891 1256 triste
924 1218 1002 1267 est,
1035 1214 1159 1269 quod
1192 1213 1283 1254 iam
1315 1213 1531 1267 sequitur.
1581 1213 1808 1253 Reuersus
1838 1224 1916 1252 rex
1949 1212 2060 1251 dum

411 1289 458 1329 in
490 1302 649 1330 mensa
682 1289 956 1342 epularetur,
996 1287 1183 1339 contigit
1215 1287 1374 1327 adesse
1406 1286 1639 1340 quendam
1672 1284 1958 1325 citharedum
1990 1283 2062 1325 vel

412 1362 696 1413 fiellatorem,
728 1361 807 1416 qui
839 1364 982 1401 artem
1016 1373 1148 1400 suam
1175 1359 1373 1399 multum
1399 1358 1731 1399 commendans
1756 1356 1870 1397 dixit
1892 1356 2061 1397 fidibus

412 1435 561 1475 inesse
591 1437 767 1474 tantam
799 1433 1028 1485 virtutem,
1068 1436 1115 1473 vt
1145 1431 1384 1472 audientes
1423 1443 1590 1471 sonum
1630 1442 1788 1471 earum
1831 1428 1878 1469 in
1909 1441 2063 1469 amen-

414 1507 532 1547 ciam
551 1506 663 1548 verti
688 1509 895 1559 possent3
929 1518 1127 1558 cumque
1152 1505 1457 1556 interrogatus
1474 1503 1642 1544 diceret
1659 1515 1706 1543 se
1731 1501 1875 1542 eciam
1893 1502 2062 1542 habere

412 1580 550 1620 talem
577 1583 718 1620 artem
738 1578 940 1630 ludendi,
966 1577 1179 1631 precibus
1208 1581 1249 1617 et
1273 1576 1412 1625 minis
1434 1589 1512 1616 rex
1537 1589 1642 1617 eum
1668 1574 1891 1628 compulit
1914 1573 2061 1615 facere

415 1653 552 1693 fidem
595 1652 739 1692 dictis.
803 1650 1009 1704 Precepit
1048 1649 1185 1702 igitur
1216 1649 1411 1690 fiellator
1448 1648 1604 1689 omnia
1633 1660 1778 1688 *arma
1823 1647 2063 1700 exportari,

414 1729 549 1778 atque
589 1724 791 1779 reliquos
838 1727 1040 1764 armatos
1087 1726 1210 1763 extra
1253 1734 1438 1763 manere
1476 1721 1638 1762 ludum
1686 1733 1780 1761 non
1812 1719 2063 1772 audientes,

414 1797 492 1851 qui
538 1801 744 1837 amentes
790 1800 943 1837 tenere
986 1799 1186 1849 possent,
1232 1808 1288 1835 ne
1328 1797 1490 1835 mutuo
1523 1807 1569 1834 se
1610 1793 1896 1847 perimerent.
1960 1792 2062 1843 Quo

413 1870 532 1911 facto
565 1870 720 1910 ludere
753 1869 884 1922 cepit,
925 1868 1166 1922 primaque
1208 1871 1334 1920 parte
1375 1867 1470 1907 ludi
1509 1866 1747 1907 audientes
1779 1865 1984 1905 mesticia
2023 1869 2065 1905 et

414 1947 597 1996 stupore
631 1942 900 1995 compleuit,
945 1941 1146 1981 secunda
1179 1944 1304 1993 parte
1336 1939 1433 1979 ludi
1464 1940 1578 1979 adeo
1611 1951 1687 1979 eos
1720 1937 1986 1989 delectabat,
2018 1940 2064 1978 vt

414 2015 558 2055 eciam
606 2018 734 2055 motu
782 2014 988 2067 corporis
1035 2013 1187 2054 cordis
1233 2012 1429 2052 iubilum
1477 2011 1783 2065 publicarent3
1832 2014 2063 2063 postremo

413 2088 563 2128 modis
609 2087 864 2128 acrioribus
905 2099 981 2126 eos
1024 2086 1070 2125 in
1111 2085 1286 2126 rabiem
1327 2083 1565 2137 conuertit,
1612 2084 1727 2123 adeo
1771 2086 1818 2124 vt
1857 2082 2062 2122 amencie

413 2160 623 2213 spiritum
652 2160 896 2212 proderent
920 2158 1113 2199 confuso
1140 2158 1353 2198 clamore.
1403 2157 1556 2209 Igitur,
1588 2157 1666 2210 qui
1700 2154 1895 2196 exterius
1924 2158 2064 2206 erant,

414 2232 712 2284 intelligentes
756 2244 833 2272 eos
865 2235 1069 2271 amentes
1112 2230 1309 2280 effectos,
1344 2229 1519 2270 concite
1551 2231 1867 2278 accurrerunt3
1912 2237 2064 2279 regem

412 2318 500 2358 que
526 2317 631 2345 cum
657 2304 757 2345 aliis
782 2304 1007 2344 furentem
1036 2315 1142 2343 cum
1170 2302 1631 2355 comprehenderunt,
1661 2299 1892 2341 continere
1910 2299 2064 2353 nequi-

502 2411 536 2447 1.
585 2412 874 2457 apperuerunt
921 2409 997 2445 SV.
1094 2409 1128 2444 2.
1176 2408 1351 2444 excitata
1398 2407 1451 2452 Α;
1512 2408 1710 2442 exstracta
1758 2406 1803 2442 D.
1900 2405 1934 2441 3.
1980 2394 2064 2440 ἔνθ’

410 2467 474 2516 (z
498 2465 684 2515 currere)
727 2466 845 2511 DVS;
893 2463 977 2502 tbre
1015 2463 1080 2514 (z
1102 2464 1247 2513 terret)
1287 2466 1330 2501 Α.
1422 2465 1456 2501 5.
1498 2462 1753 2500 infestabant
1784 2464 1828 2498 Α.
1919 2462 1954 2498 6.
2001 2473 2064 2508 ep.

414 2527 546 2561 Brem.
593 2524 771 2560 codd:
798 2523 1127 2569 Hamburgensis
1175 2523 1347 2558 antistes
1393 2521 1513 2557 Saxo.
1605 2521 1639 2556 7.
1686 2520 1849 2566 aliquas
1895 2530 2063 2555 causas:

412 2582 555 2618 melius
580 2581 688 2617 Saxo
720 2582 774 2617 ob
806 2581 953 2616 inanes
986 2583 1024 2616 et
1056 2580 1183 2615 falsas
1214 2580 1491 2625 suspiciones.
1569 2579 1741 2624 pficiens
1772 2576 1810 2625 (i.
1838 2587 1866 2613 e.
1897 2587 2063 2623 presen-

413 2638 543 2687 ciens)
575 2639 615 2684 S,
660 2639 729 2674 sed
758 2641 898 2684 postea
930 2639 1152 2673 correctum
1185 2637 1226 2672 in
1263 2637 1424 2673 faciens.
1514 2635 1549 2671 8.
1591 2637 1783 2681 potenter
1816 2645 1851 2670 o.
1884 2644 1915 2671 e.
1948 2633 2066 2669 satis-

416 2697 529 2732 fecit:
578 2696 789 2742 pontificis
830 2694 1139 2731 accusationem
1181 2696 1373 2740 potenter
1412 2693 1567 2739 repulit
1596 2692 1703 2728 Saxo
1735 2691 1862 2727 multo
1893 2690 2063 2734 clarius;

414 2756 449 2789 ct
485 2753 634 2798 dubito,
678 2764 731 2788 αη
770 2755 863 2799 post
903 2752 1091 2798 episcopi
1134 2751 1214 2786 duo
1247 2750 1365 2786 vel-ba
1399 2749 1661 2796 respondens
1693 2759 1801 2795 pape
1833 2748 2064 2783 exciderint.

419 2812 479 2847 11.
526 2813 717 2846 auertere
771 2810 811 2858 (i.
857 2820 886 2845 e.
933 2806 1106 2857 reicere)
1165 2808 1311 2844 nolens
1367 2807 1451 2852 DS3
1511 2807 1731 2842 aduertere
1784 2805 1932 2841 uolens
1984 2805 2065 2840 VA.

419 2869 480 2903 14.
523 2868 798 2913 cytharedum
839 2867 893 2911 Α;
939 2865 1200 2901 citharedum
1242 2865 1285 2900 V.
1364 2864 1529 2900 14—15.
1570 2864 1633 2899 vel
1678 2863 1944 2899 stellatorem:
1991 2861 2067 2897 hoc

416 2925 672 2970 epitomatori
693 2923 874 2968 (lebetum
900 2923 1021 2959 vielle
1045 2921 1266 2958 vocabatur
1289 2922 1602 2957 instrumentum
1626 2919 1840 2964 musicum,
1863 2929 1942 2964 quo
1961 2919 2067 2954 ιὀσιι-

418 2983 563 3017 lalores
592 2981 815 3017 utebantur.
880 2982 942 3017 16.
975 2983 1132 3015 tantam
1160 2980 1296 3014 inesse
1323 2979 1367 3015 D.
1444 2988 1589 3014 eorum
1618 2977 1733 3013 DVS.
1799 2977 1861 3012 18.
1893 2975 2064 3011 ludendi

418 3049 494 3074 om.
529 3038 566 3074 S.
652 3039 715 3074 24.
748 3038 889 3073 cordis
921 3048 998 3073 om.
1032 3037 1071 3072 S.
1157 3036 1422 3082 puplicarent
1454 3035 1529 3071 VS.
1615 3035 1677 3070 26.
1710 3033 1987 3080 procederent
2017 3032 2063 3068 V.

419 3096 481 3131 27.
515 3096 681 3130 concito
717 3095 792 3131 AS.
870 3096 1149 3130 occurrerunt
1181 3093 1220 3128 S.
