2150 3584
48 1075 87 1107 10

46 1437 85 1468 15

43 1798 84 1829 20

45 2159 86 2190 25

45 2521 87 2553 30

250 198 470 227 stN0N1s
503 197 694 227 Aeooms
726 197 830 226 1²an
863 197 1021 226 naevis
1054 197 1264 227 ffls‘romA
1299 197 1449 226 nmvm
1484 197 1614 226 mere
1678 187 1755 226 123

918 310 956 371 S

113 431 248 473 regna
288 432 370 460 suo
413 418 671 471 aggregauit
703 417 908 471 imperio.
972 417 1153 471 Quippe
1188 418 1485 470 Hyberniam,
1532 419 1755 471 Angliam,

114 491 327 542 Galliam,
382 491 579 540 Italiam,
636 490 1027 541 Longobardiam,
1082 490 1376 539 Teotoniam,
1436 491 1755 543 Norvvagiam,

113 563 340 605 Sclauiam
381 576 485 604 cum
521 563 705 604 Sambia
744 562 831 603 sibi
871 562 1146 614 subiugauit.
1211 562 1296 603 Hic
1329 562 1518 615 primus,
1566 565 1675 603 dum
1710 565 1752 604 in

112 635 270 688 Anglia
304 636 428 688 pacis
461 634 786 689 tranquillitate
819 635 1052 687 potiretur,
1097 635 1215 686 leges
1255 635 1460 675 condidit
1491 639 1757 687 castrenses,

112 720 226 762 quas
272 720 353 761 pro
401 707 588 748 modulo
635 707 850 759 ingenioli
891 707 1106 760 deinceps
1148 706 1409 747 libabimus.
1476 707 1622 747 Huius
1664 708 1754 749 filia

112 779 253 821 extitit
299 779 523 831 Gunnild,
571 779 757 820 illustris
804 779 988 830 femina,
1035 792 1174 834 quam
1225 778 1450 819 Henricus
1497 779 1756 833 imperator,

113 852 310 893 Conradi
343 852 631 906 imperatoris
663 852 799 903 filius,
843 852 929 892 sibi
969 851 1265 892 matrimonio
1298 851 1544 904 copulauit.
1608 854 1755 904 Quem

112 937 216 966 cum
250 924 444 966 Romani
485 924 785 965 tumultuaria
827 924 1048 965 seditione
1087 937 1112 964 a
1152 923 1273 975 regio
1315 923 1596 976 pepulissent
1627 925 1756 977 solio,

112 1009 319 1038 socerum
353 997 511 1037 adiens
544 997 641 1037 eius
673 997 895 1037 auxilium
929 996 1207 1050 implorauit.
1273 996 1402 1036 Unde
1439 1000 1598 1037 nactus
1631 1010 1758 1039 occa-

113 1069 288 1110 sionem
335 1069 523 1110 illustris
570 1069 644 1109 ille
692 1069 979 1124 precluisque
1023 1070 1229 1109 Kanutus
1274 1072 1512 1121 assumpto
1560 1071 1755 1111 exercitu

112 1154 195 1183 suo
227 1141 376 1195 primo
410 1142 602 1183 Galliam
637 1142 962 1196 depopulando
1001 1141 1192 1190 inuasit3
1239 1140 1403 1181 deinde
1437 1141 1625 1182 ulterius
1659 1155 1757 1195 pro-

111 1214 356 1266 grediendo
375 1214 744 1266 Longobardiam
775 1226 881 1254 cum
909 1213 1037 1254 Italia
1070 1213 1342 1264 deuastauit,
1374 1226 1428 1254 ac
1459 1215 1755 1267 postmodum

113 1286 384 1327 multimoda
417 1287 584 1327 uirtute
616 1286 840 1340 compulit
863 1288 1096 1327 Romanos
1129 1285 1361 1327 ciuitatem
1395 1286 1481 1326 sibi
1514 1287 1755 1340 resignare,

110 1359 387 1413 tandemque
418 1358 739 1412 imperatorem
774 1362 816 1399 et
847 1370 1064 1411 generum
1096 1359 1264 1399 throno
1291 1372 1374 1399 suo
1399 1358 1603 1400 restituit.
1653 1360 1755 1410 Quo

111 1434 293 1484 peracto
338 1444 443 1472 cum
483 1431 654 1484 ingenti
686 1431 887 1485 tripudio
919 1432 976 1471 ad
1011 1430 1253 1472 Franciam
1287 1444 1433 1485 usque
1464 1433 1755 1485 commeauit,

111 1503 399 1558 Turonisque
452 1504 682 1558 profectus
734 1503 853 1544 beati
910 1503 1093 1544 Martini
1146 1503 1363 1557 reliquias
1417 1504 1754 1557 Rothomagum

110 1579 316 1628 potenter
347 1589 501 1617 secum
535 1576 802 1630 asportauit‚
833 1590 886 1617 eo
919 1577 1044 1630 quod
1070 1576 1194 1616 illam
1222 1588 1301 1629 pre
1329 1575 1487 1616 ceteris
1513 1577 1755 1630 specialius

110 1647 324 1700 diligeret.
373 1649 580 1689 Presatus
606 1662 790 1704 quoque
817 1650 1025 1690 Kanutus
1057 1649 1173 1689 duos
1206 1648 1325 1689 filios
1357 1649 1523 1701 genuit,
1556 1663 1753 1703 quorum

109 1720 304 1761 alterum
329 1734 412 1762 suo
437 1722 687 1775 appellauit
709 1721 920 1772 nomine,
952 1735 1090 1776 quem
1118 1720 1392 1773 cognomine
1411 1721 1589 1762 Durum
1616 1723 1754 1776 uulgo

110 1792 426 1846 nominabant,
474 1807 565 1834 non
606 1795 730 1847 quod
761 1798 970 1835 austerus
1002 1794 1076 1834 uel
1108 1792 1305 1835 crudelis
1337 1792 1544 1845 extiterit,
1592 1808 1753 1836 uerum

108 1864 228 1917 inde,
274 1867 396 1919 quod
443 1867 531 1907 tale
579 1866 815 1920 prouincie
862 1880 1031 1907 nomen
1076 1865 1281 1917 extiterit,
1329 1878 1383 1905 ex
1421 1879 1510 1920 qua
1553 1868 1750 1908 natalem

109 1937 238 1978 duxit
277 1938 512 1991 originem.
577 1940 712 1980 Hunc
749 1943 876 1993 pater
916 1939 1054 1979 Dacie
1099 1949 1250 1990 regem
1290 1938 1486 1991 prefecit.
1550 1940 1753 1981 Alterum

110 2022 217 2050 uero
279 2010 536 2052 Svenonem
597 2011 877 2060 nominauit,
940 2011 1011 2052 cui
1069 2011 1349 2062 Noruagiam
1405 2011 1753 2063 gubernandam

109 2082 350 2124 commisit.
435 2083 536 2137 Ipse
582 2097 691 2125 uero
738 2084 948 2136 Angliam
995 2083 1198 2138 quinque
1245 2082 1385 2123 ferme
1431 2083 1585 2124 lustris
1630 2084 1751 2135 regia

112 2158 330 2207 potestate
361 2156 711 2197 administrauit.
770 2157 943 2197 Interea
976 2156 1057 2196 filii
1089 2155 1247 2209 ipsius,
1280 2168 1477 2209 quorum
1510 2155 1600 2196 iam
1635 2156 1751 2197 facta

111 2230 177 2267 est
221 2228 414 2280 mentio,
469 2233 594 2282 patre
648 2229 801 2269 adhuc
854 2228 1094 2282 superstite
1141 2240 1409 2280 supremum
1456 2229 1754 2282 expleuerunt

111 2299 244 2341 diem.
306 2301 439 2351 Quod
487 2300 680 2342 audiens
725 2314 802 2341 rex
844 2301 1064 2348 Kanutus,
1112 2299 1310 2353 patrium
1358 2312 1547 2352 regnum
1595 2302 1753 2353 guber-

111 2375 267 2413 natore
308 2373 591 2425 destitutum,
637 2374 694 2413 ad
728 2373 918 2414 Daciam
960 2372 1155 2413 reditum
1201 2372 1495 2413 accelerabat.
1559 2373 1613 2413 Et
1645 2373 1752 2427 quia

111 2443 157 2483 in
189 2444 330 2485 Dacia
363 2445 549 2486 ecclesie
582 2446 765 2486 nouella
797 2445 940 2486 extitit
971 2445 1205 2498 plantatio,
1240 2445 1408 2485 multos
1440 2445 1680 2498 pontifices
1712 2450 1753 2486 et

112 2516 399 2570 presbyteros
438 2530 590 2558 secum
634 2518 846 2568 adduxit;
893 2530 1090 2572 quorum
1132 2517 1246 2557 alios
1286 2530 1425 2570 penes
1466 2530 1512 2557 se
1546 2517 1751 2569 detinuit,

111 2588 224 2629 alios
261 2590 318 2629 ad
351 2590 682 2643 predicandum
715 2589 951 2642 delegauit.
1016 2589 1074 2630 Hi
1113 2602 1192 2642 per
1228 2589 1493 2630 uniuersam
1528 2590 1751 2641 Sueciam‚

113 2660 323 2702 Gothiam
364 2666 500 2716 atque
538 2662 843 2713 Norvvagiam
884 2661 1091 2715 dispersi,
1138 2674 1221 2702 nec
1261 2675 1353 2702 non
1401 2662 1457 2702 ad
1502 2662 1750 2702 Islandiam

110 2733 378 2786 transmissi,
425 2734 554 2775 uerbi
597 2734 745 2775 diuini
793 2734 968 2776 semina
1014 2737 1317 2787 propagantes
1364 2735 1532 2775 multas
1572 2734 1750 2775 animas

112 3007 259 3047 Psalm.
296 3011 384 3057 143,
406 3012 468 3047 12.
560 3012 624 3049 31.
656 3013 708 3048 ad
740 3015 836 3058 (pro
867 3010 940 3059 au).
1026 3011 1221 3057 35—124‚
1242 3014 1274 3049 1.
1308 3012 1352 3047 In
1386 3011 1747 3048 omnem..verba

113 3075 270 3112 eorum,
300 3068 370 3114 cfr.
401 3069 550 3105 Psalm.
586 3069 646 3114 18,
667 3071 700 3106 5.
