2150 3584
269 1014 311 1045 10

333 232 415 271 456
668 238 943 269 scmPToREs
977 237 1204 266 HISTORIAE
1236 235 1413 264 DANICAE
1445 234 1645 264 MINORES

334 354 551 406 Mal-chia,
584 353 804 406 duxitque
835 352 881 392 in
913 364 1101 392 vxorem
1131 362 1336 390 sororem
1354 349 1652 401 Waldemari,
1684 349 1815 390 ducis
1839 349 1982 391 Jucie.

334 428 496 481 Sicque
535 426 761 466 transiens
801 425 857 465 ad
900 423 1121 477 placitum
1154 421 1452 473 Wibergense
1485 421 1653 461 electus
1686 425 1752 462 est
1782 434 1807 462 a
1841 422 1985 462 Danis

332 501 378 540 in
427 511 576 551 regem
624 498 742 539 circa
789 497 955 537 festum
1004 494 1266 536 Natiuitatis
1313 493 1458 534 sancti
1499 493 1728 533 Johannis
1770 494 1983 547 Baptiste.

334 572 437 622 Quo
470 571 588 612 facto
620 569 877 610 transiitvin
911 567 1206 619 Sialendiam,
1253 569 1300 606 vt
1338 569 1504 606 terram
1546 566 1674 606 illam
1714 566 1928 619 primitus
1960 579 1986 606 a

334 643 599 685 Teutonicis
645 642 881 696 optineret.
969 640 1025 680 Et
1079 639 1296 694 quamuis
1343 638 1407 678 eis
1454 638 1705 678 maximam
1754 651 1985 679 summam

333 716 504 769 argenti
537 728 619 769 pro
652 714 811 755 castris
842 713 1014 753 ibidem
1049 711 1145 751 sitis
1179 714 1437 764 exponeret,
1469 710 1801 751 nichilominus
1830 714 1986 751 tamen

333 793 517 843 propter
556 785 922 828 fraudulenciam
964 797 1123 825 eorum
1158 787 1200 824 et
1233 783 1475 823 falsitatem
1508 784 1801 838 quorundam
1837 783 1989 824 Dano-

332 875 450 913 rum,
497 860 576 914 qui
614 871 768 900 secum
812 861 951 907 erant,
1001 856 1142 896 nichil
1184 855 1382 896 finaliter
1422 856 1480 896 ad
1523 855 1749 896 intentum
1782 855 1988 908 optinere

334 933 526 985 valebat,
573 933 635 972 ita
675 931 798 985 quod
840 930 1025 970 tandem
1068 941 1173 969 eum
1212 928 1260 968 in
1291 928 1475 969 ,luciam
1516 941 1719 969 remeare
1753 941 1806 968 ex
1838 940 1989 968 neces-

338 1006 467 1046 sitate
500 1004 750 1058 oportebat.

425 1124 457 1159 1.
505 1123 623 1158 duxit
675 1123 769 1166 (om.
818 1121 914 1167 que)
961 1118 1010 1155 Ο.
1111 1119 1148 1155 2.
1193 1118 1391 1164 vibergefi
1437 1116 1494 1164 03
1553 1118 1829 1164 w<v>iburgef1
1874 1117 1989 1162 MS).

339 1181 446 1217 2-3.
481 1181 522 1215 in
556 1188 693 1225 regem
727 1189 748 1213 a
778 1178 905 1213 Danis
923 1177 967 1213 Α.
1032 1176 1066 1212 3.
1101 1176 1235 1212 sancti
1253 1175 1339 1221 AS3
1372 1175 1556 1221 beati03
1588 1185 1665 1211 om.
1684 1175 1730 1211 V.
1793 1175 1827 1212 4.
1859 1177 1992 1210 trans—

337 1239 413 1274 iuit
446 1237 486 1273 S.
562 1237 595 1272 5.
628 1235 851 1272 teotonieis
882 1235 927 1270 V.
1006 1235 1040 1270 7.
1075 1233 1408 1269 fraudolenciam
1443 1233 1482 1269 S.
1563 1231 1688 1268 Verba
1727 1231 1867 1268 omnia
1901 1231 1992 1268 inde

337 1307 361 1331 a
387 1305 502 1330 versu
528 1294 552 1329 5
578 1294 627 1329 Et
651 1293 847 1339 quamuis
872 1302 955 1327 non
980 1290 1100 1327 habet
1116 1291 1164 1336 O,
1189 1292 1309 1337 atque
1332 1290 1452 1326 etiam
1478 1300 1614 1326 versus
1632 1289 1723 1335 455,
1741 1288 1933 1335 24—456,
1953 1289 1990 1336 5,

337 1363 437 1398 quos
476 1352 517 1387 in
561 1349 715 1389 Collect,
754 1349 824 1395 fol.
869 1349 939 1385 81¹²
984 1348 1211 1394 scripserat,
1259 1347 1399 1383 Petrus
1441 1346 1532 1383 OIai
1574 1347 1658 1392 ipse
1693 1348 1833 1392 postea
1878 1346 1993 1382 lineis

334 1407 641 1456 perforantibus
686 1407 833 1443 deleuit
878 1407 1032 1452 (itaque
1077 1404 1293 1451 Lanyebek
1331 1405 1373 1440 in
1410 1404 1446 1441 S.
1479 1404 1524 1441 R.
1555 1404 1603 1440 D.
1635 1404 1665 1450 I,
1708 1415 1747 1450 p.
1781 1403 1862 1440 133
1907 1403 1994 1439 Izoec

338 1466 503 1510 omisit).
565 1464 723 1501 Scilicet
751 1463 794 1500 P.
832 1463 875 1499 O.
905 1474 984 1509 pro
1017 1461 1250 1509 imperfecta
1283 1462 1330 1498 de
1362 1472 1454 1508 reqe
1493 1461 1543 1498 W.
1576 1462 1826 1505 narratione,
1867 1471 1991 1508 quam

342 1523 490 1560 Chron.
521 1522 602 1558 Jut.
636 1521 765 1567 habet,
810 1521 978 1567 plenam
1018 1530 1068 1556 ex
1106 1519 1197 1555 aliis
1235 1518 1468 1555 auctoribus
1508 1520 1715 1564 sumptam
1757 1517 1995 1554 substituere

341 1580 475 1626 voluit,
506 1590 675 1625 eamque
700 1579 741 1614 in
768 1588 877 1614 nouo
905 1578 1248 1614 Collectaneorum
1270 1576 1467 1622 fasciculo
1492 1588 1516 1612 a
1536 1575 1605 1622 fol.
1626 1575 1694 1612 82Γ
1721 1575 1936 1622 incipiente
1960 1577 1997 1611 et

339 1638 420 1674 alio
461 1639 636 1683 tempore
672 1635 821 1682 scripto
859 1637 1046 1671 executus
1086 1637 1153 1681 est,
1202 1634 1399 1680 incipiens
1430 1645 1454 1669 a
1488 1633 1616 1669 verbis
1650 1632 1882 1679 (Lanyebelc
1913 1633 1934 1669 I.
1970 1632 1992 1670 l.

336 1707 377 1742 p.
423 1693 617 1741 133‚13):
665 1694 765 1729 Post
810 1693 976 1739 longam
1024 1696 1063 1728 et
1109 1692 1314 1728 diutinam
1361 1691 1740 1727 tumultuacionem
1781 1693 1820 1726 et
1865 1689 1995 1726 tribu-

340 1753 545 1788 lacionem
581 1752 728 1786 Danici
767 1750 1112 1797 regni..placuit
1154 1750 1244 1794 deo,
1290 1752 1332 1785 vt
1373 1748 1423 1784 ad
1466 1759 1588 1784 suum
1633 1751 1787 1784 statum
1828 1748 1994 1784 rediret.

344 1809 468 1854 Quem
501 1810 705 1844 auctorem
740 1808 779 1844 in
813 1807 877 1843 his
908 1806 1106 1852 habuerit,
1154 1806 1362 1852 hucusque
1398 1808 1500 1842 certe
1537 1806 1668 1841 dicere
1697 1815 1782 1841 non
1811 1815 1994 1851 possum,

342 1866 422 1902 nisi
460 1866 569 1913 quod
607 1865 794 1912 quaedam
829 1864 947 1901 verba
979 1864 1205 1909 ostendunt,
1249 1874 1339 1899 eum
1373 1862 1525 1900 Alberti
1554 1862 1741 1899 Krantzii
1769 1861 1993 1898 Historiam

341 1924 552 1960 Saxonum
587 1922 670 1968 (lib.
687 1922 751 1969 IX,
780 1923 838 1968 16)
879 1922 1109 1968 inspexisse.
1170 1921 1246 1957 Sed
1286 1921 1326 1956 in
1364 1920 1442 1956 hac
1479 1921 1720 1957 narratione
1753 1921 1905 1966 postea,
1955 1920 1999 1955 ut

342 1982 450 2027 solet,
498 1983 616 2016 notas
658 1980 909 2025 maryinales
950 1979 1117 2023 addidit,
1168 1978 1347 2024 interque
1382 1989 1448 2014 eas
1479 1978 1598 2023 hanc,
1643 1977 1861 2024 pallidiore
1890 1979 1997 2012 atra-

344 2041 479 2074 mento
511 2038 634 2084 eique,
683 2037 790 2083 quod
822 2036 862 2072 in
894 2035 1217 2072 antecedentibus
1245 2034 1356 2081 foliis
1388 2035 1586 2079 adhibuit,
1632 2033 1759 2070 simili
1786 2034 1993 2080 scriptam,

344 2107 467 2142 quam
497 2096 590 2141 post
621 2094 740 2130 verba
772 2093 959 2130 editionis
989 2092 1317 2140 Lanyebelcianoe
1345 2103 1385 2138 p.
1421 2092 1602 2138 133,28:
1650 2092 1796 2138 sicque
1830 2091 1998 2137 Syalan-

345 2154 455 2189 diam
489 2152 662 2188 intrauit
695 2151 819 2188 inseri
850 2151 993 2187 voluit:
1027 2154 1066 2186 vt
1099 2150 1308 2186 obtineret
1334 2151 1384 2186 de
1411 2151 1605 2185 manibus
1623 2149 1996 2185 Teuthonicorum.

345 2211 422 2246 Sed
464 2210 584 2256 quasi
626 2220 700 2256 per
742 2220 899 2244 annum
947 2209 988 2244 in
1032 2208 1256 2254 Syalandia
1298 2219 1472 2243 manens
1518 2206 1647 2243 nichil
1694 2206 1746 2241 ad
1791 2206 1998 2242 intentum

343 2268 525 2303 obtinuit
571 2269 745 2313 propter
791 2266 1126 2302 fraudulenciam
1173 2266 1536 2301 Teuthonicorum
1587 2267 1627 2300 et
1673 2263 1882 2299 fallaciam
1929 2262 1999 2298 ali-

344 2336 526 2371 quorum
577 2325 812 2368 Danorum,
865 2323 1062 2369 quamuis
1117 2326 1255 2358 tamen
1310 2322 1534 2358 maximam
1583 2331 1791 2357 summam
1839 2320 1998 2366 argenti

345 2385 572 2428 exponeret
612 2392 689 2428 pro
729 2380 878 2417 castris
917 2380 1073 2415 ibidem
1116 2380 1219 2416 sitis.
1281 2379 1441 2415 Deinde
1480 2379 1647 2415 rediens
1692 2378 1743 2413 ad
1785 2378 1998 2413 ciuitatem

345 2439 637 2485 vibergensem
679 2438 855 2473 sabbato
895 2438 947 2473 ad
986 2439 1081 2484 (pro
1113 2439 1166 2473 afi
1189 2452 1231 2467 z
1254 2439 1364 2481 ante)
1407 2436 1516 2472 diem
1550 2435 1679 2472 Primi
1721 2437 1760 2471 et
1800 2434 1998 2470 Feliciani

344 2497 474 2542 legem
523 2496 756 2539 renouauit,
804 2494 998 2530 videlicet
1044 2494 1358 2541 municipalem,
1404 2493 1722 2538 handfestning3
1768 2495 1807 2528 et
1852 2494 1998 2538 postea

345 2553 595 2589 debellando
631 2552 879 2596 Holsaticos,
923 2552 1159 2596 Alemanos,
1208 2552 1364 2588 Suecos
1396 2554 1436 2587 et
1467 2560 1746 2597 quoscunque
1779 2552 1818 2585 et
1849 2552 2000 2585 cetera.

347 2610 473 2657 (Ergo
505 2609 612 2645 hanc
643 2612 781 2645 notam
812 2619 889 2655 pro
921 2609 970 2644 iis
1002 2608 1130 2644 verbis
1162 2608 1306 2655 reponi
1336 2607 1471 2653 voluit,
1513 2618 1604 2654 quoe
1634 2605 1755 2642 habet
1786 2605 2001 2652 Lanyebelc

343 2678 381 2712 p.
425 2667 513 2709 133,
534 2667 604 2703 28:
652 2669 691 2702 et
737 2667 792 2702 ibi
836 2667 1031 2702 similiter
1068 2671 1110 2702 vt
1150 2677 1222 2702 rex
1263 2665 1552 2702 consalutatus
1592 2667 1653 2700 est
1697 2663 1750 2699 ab
1789 2663 2000 2707 omnibus,

346 2723 649 2770 el133‚37sq.
703 2724 779 2759 Hic
825 2724 1201 2759 exstitit..contra
1249 2733 1417 2759 omnem
1464 2733 1601 2769 spem3
1646 2731 1747 2757 nam
1794 2720 1999 2756 interiecta

348 2780 466 2816 verba
499 2781 585 2816 edil.
612 2780 839 2827 Lanyebelc.
870 2792 909 2826 p.
938 2779 1026 2825 133,
1048 2779 1217 2816 34—36:
1252 2780 1332 2816 Iste
1357 2779 1649 2817 Waldemarus
1669 2808 1674 2815 .
1694 2807 1700 2814 .
1719 2778 1769 2813 de
1803 2777 2000 2822 Holsatis‚

348 2840 383 2872 et
422 2849 458 2883 p.
492 2838 772 2881 13³3‚36—37:
821 2839 901 2873 Iste
942 2837 1506 2883 WaldemaruS..Slaglosie
1553 2834 1710 2871 duabus
1756 2833 1848 2870 aliis
1893 2833 2000 2870 notis

349 2894 647 2940 maryilzalibus
676 2894 747 2940 fol.
785 2894 880 2930 Coll.
914 2894 979 2930 82¹
1013 2893 1234 2940 debentur.)
1286 2894 1380 2930 Hoec
1409 2895 1519 2935 nota,
1554 2903 1677 2939 quam
1711 2902 1836 2937 supra
1868 2890 1996 2936 attuli,

348 2951 570 2986 clarissime
602 2951 783 2997 ostendit,
830 2951 937 2987 Petri
972 2951 1062 2987 Olai
1093 2951 1304 2997 exemplar
1335 2950 1547 2987 Chronicoe
1576 2948 1765 2994 Jutensis,
1811 2947 1919 2994 quod
1957 2947 1999 2983 in

346 3007 663 3053 praecedentibus
701 3009 921 3054 exscripsit,
970 3008 1162 3054 cuiusque
1197 3008 1420 3054 scripturas
1451 3018 1576 3053 supra
1609 3006 1738 3042 littera
1771 3004 1806 3041 O
1837 3006 2000 3040 notatas

350 3075 439 3099 cum
474 3064 683 3100 lectoribus
715 3065 1029 3109 communicaui,
1079 3066 1199 3101 etiam
1232 3076 1321 3101 eam
1350 3066 1509 3111 partem
1540 3063 1707 3110 finalem
1738 3061 1995 3107 continuisse,

350 3132 471 3166 quam
513 3132 625 3156 nunc
663 3122 703 3156 in
736 3123 820 3157 solo
852 3122 984 3157 codice
1016 3122 1043 3157 S
1076 3121 1245 3168 reperiri
1276 3132 1373 3157 mox
1403 3118 1740 3157 commemorabo.
1816 3117 1997 3154 Ceterum

352 3177 468 3212 verba
490 3189 529 3223 p.
559 3178 645 3222 133,
667 3178 813 3214 fis-41
849 3179 969 3222 (Nam
1003 3179 1113 3214 virili
1141 3179 1282 3214 animo
1301 3208 1307 3215 .
1327 3208 1334 3215 .
1351 3179 1474 3215 eiecit
1498 3189 1519 3214 e
1545 3178 1688 3223 regno)
1721 3186 1770 3211 ex
1797 3174 1997 3211 Chronica

351 3233 692 3279 Archiepiscopali
723 3235 896 3280 sumpsit
925 3234 967 3271 P.
1003 3234 1046 3272 Ο.
