2150 3584
233 1074 275 1105 10

234 1435 273 1466 15

230 1798 272 1829 20

228 2160 270 2191 25

302 156 384 196 436
643 165 918 195 sempronsss
950 165 1178 195 HlsromAE
1211 164 1388 193 DANICAE
1419 164 1619 194 MINORES

390 279 474 320 Hic
511 279 708 332 optinuit
747 279 805 319 ab
845 279 1121 331 imperatore
1154 278 1397 318 Frederico
1437 278 1698 319 dominium
1740 280 1949 320 omnium

300 357 522 392 terrarum
571 352 627 391 ad
676 351 992 405 aquilonarem
1041 354 1215 404 partem
1264 350 1414 403 Albie,
1469 363 1606 404 super
1652 364 1743 404 quo
1790 351 1953 392 habuit

300 424 471 464 litteras
503 424 689 476 papales
722 423 899 464 domini
934 422 1192 475 Innocencij
1234 422 1358 475 tercij
1400 426 1442 463 et
1482 422 1652 464 litteras
1692 423 1951 477 imperiales

301 496 386 536 sub
427 495 576 536 aureis
616 496 774 555 bullis3
822 509 936 549 quas
979 495 1204 536 Mectildis
1250 494 1420 547 regina,
1466 495 1621 536 relicta
1660 496 1787 548 Abel,
1833 500 1951 549 post-

301 568 490 608 modum
524 567 571 607 in
604 568 763 608 odium
791 569 1031 609 Danorum
1055 567 1290 608 destruxit.
1340 567 1490 608 Huius
1521 572 1727 621 tempore
1760 568 1952 608 martiri-

300 644 427 680 zatus
459 643 525 680 est
556 644 740 680 sanctus
774 640 980 681 Thomas
1012 640 1059 680 in
1090 640 1266 692 Anglia.
1330 640 1554 692 Regnauit
1586 645 1740 681 autem
1774 641 1953 682 Walde-

302 725 457 752 marus
486 712 620 752 annis
652 724 751 753 xxv.

771 885 850 925 EX
883 885 993 925 LIB.
1028 885 1143 926 XVI.
1207 884 1474 927 SAXONIS.

388 993 418 1033 I.
491 957 775 1035 Kanutus
803 995 971 1044 autem,
1004 991 1126 1033 filius
1151 992 1263 1045 eius,
1294 992 1342 1032 in
1365 1002 1506 1044 regno
1532 991 1783 1032 succedens
1808 995 1952 1032 trans-

302 1066 385 1106 iuit
423 1065 469 1105 in
508 1065 705 1116 Juciam,
751 1068 798 1106 vt
837 1064 922 1104 sibi
964 1065 1191 1118 populum
1224 1065 1465 1117 obligaret3
1513 1064 1592 1118 qui
1632 1064 1690 1105 ab
1733 1064 1951 1105 omnibus

300 1142 394 1178 tam
441 1137 487 1177 in
534 1136 891 1189 congregacione
930 1137 1218 1189 Wibergensi
1260 1150 1400 1190 quam
1439 1136 1636 1178 Vrnensi
1675 1137 1952 1178 vnanimiter

301 1214 367 1251 est
397 1213 625 1263 acceptus.
689 1209 957 1250 Scanienses
988 1222 1110 1262 vero,
1157 1210 1212 1250 de
1252 1214 1399 1250 morte
1429 1209 1546 1262 regis
1578 1209 1738 1262 gauisi,
1786 1210 1950 1250 iterum

301 1282 580 1323 sedicionem
627 1285 873 1322 mouerunt
917 1281 965 1321 in
1011 1285 1211 1334 tantum,
1258 1286 1305 1324 vt
1349 1282 1581 1323 Absolone
1627 1283 1782 1334 fugato
1829 1282 1951 1322 bona

299 1355 525 1396 nobilium
559 1354 883 1404 deuastabant3
931 1366 1015 1394 nec
1055 1354 1143 1394 hiis
1177 1354 1378 1395 contenti
1411 1355 1646 1408 quendam
1679 1355 1950 1407 Haraldum,

300 1427 423 1480 regio
462 1427 648 1480 quidem
692 1426 914 1479 sanguine
954 1430 1129 1478 natum,
1177 1428 1253 1467 sed
1293 1427 1465 1467 nullius
1497 1427 1666 1468 valoris
1698 1427 1950 1479 hominem,

301 1501 355 1540 de
388 1499 559 1541 Swecia
591 1502 806 1540 vocatum
839 1498 1174 1540 constituerunt
1207 1499 1294 1540 sibi
1325 1510 1490 1552 regem.
1549 1491 1785 1552 Magnates
1816 1499 1951 1552 igitur

301 1572 482 1624 Scanie,
536 1571 653 1612 sicut
699 1575 928 1624 poterant,
984 1571 1243 1624 congregati
1290 1571 1416 1612 iuxta
1462 1585 1681 1626 ampnem
1729 1573 1950 1613 Lummea

300 1647 588 1685 occurrentes
620 1643 814 1684 rusticos
847 1644 1017 1684 multos
1049 1644 1329 1697 occiderunt,
1367 1645 1521 1698 ipsum
1553 1658 1660 1686 vero
1695 1645 1949 1686 Haraldum

300 1716 346 1756 in
378 1715 599 1757 SWeciam
639 1715 842 1769 refugere
883 1721 1140 1768 coegerunt.
1205 1717 1372 1758 Iterum
1406 1717 1564 1758 rustici
1595 1718 1800 1759 volentes
1830 1717 1950 1758 inso-

299 1788 442 1829 lencie
488 1792 616 1829 motu
664 1792 945 1841 perstrepere
986 1789 1338 1842 superueniente
1379 1790 1611 1831 Absolone
1657 1803 1751 1831 non
1798 1790 1949 1830 solum

298 1874 426 1901 arma
459 1861 783 1914 deposuerunt,
826 1862 904 1901 sed
937 1861 1081 1901 eciam
1115 1862 1261 1902 bonas
1294 1862 1413 1914 leges
1447 1866 1488 1903 et
1519 1862 1622 1913 alia,
1664 1875 1751 1915 que
1782 1861 1950 1902 iniuste

298 1934 646 1985 abrogauerant‚
692 1937 844 1974 tenere
885 1934 1029 1974 coacti
1070 1939 1188 1975 sunt.
1253 1934 1352 1975 Hiis
1400 1935 1568 1975 auditis
1614 1948 1693 1975 rex
1736 1933 1949 1975 Scaniam

297 2005 497 2057 intrauit,
544 2006 702 2046 volens
743 2005 861 2046 ferro
902 2009 944 2046 et
989 2005 1092 2058 igne
1140 2020 1239 2048 eam
1288 2008 1552 2057 deuastare;
1600 2008 1678 2048 sed
1718 2007 1949 2047 Absolone

297 2081 454 2129 agente
487 2077 658 2118 factum
692 2082 770 2130 est,
803 2081 851 2118 vt
880 2077 959 2130 illi,
995 2078 1073 2132 qui
1106 2079 1361 2119 Haraldum
1394 2083 1738 2132 promouerant,
1769 2082 1949 2119 tantum

297 2150 490 2202 pecunia
538 2150 852 2202 multarentur,
900 2150 977 2204 qui
1024 2154 1179 2191 tamen
1225 2151 1342 2192 iuste
1388 2151 1479 2192 vita
1525 2151 1819 2205 priuarentur
1866 2163 1949 2204 pro

296 2225 421 2263 tanto
454 2222 632 2263 delicto.

385 2333 418 2368 2.
462 2343 591 2379 super
622 2333 703 2368 hoc
735 2332 775 2376 S,
818 2332 887 2368 sed
916 2344 1042 2379 supra
1071 2334 1149 2379 hoc
1181 2333 1225 2370 S1
1242 2335 1285 2379 (‘?)
1316 2345 1401 2380 quo
1433 2334 1603 2381 scripsit.
1680 2333 1716 2371 3.
1749 2333 1865 2380 tercij
1899 2333 1949 2378 Α;

298 2399 364 2424 .111.
398 2389 472 2425 VS.
564 2393 602 2425 et
648 2401 726 2425 om.
773 2390 812 2425 S.
891 2393 924 2426 4.
972 2392 1210 2427 mechtildis
1251 2392 1302 2436 Ᾱ;
1351 2389 1559 2427 mektildis
1602 2390 1642 2427 S.
1732 2390 1863 2427 abelis
1904 2391 1949 2426 A.

299 2446 332 2480 5.
367 2447 607 2482 martizatus
641 2447 684 2483 V.
762 2447 796 2482 6.
836 2448 907 2483 Scs
950 2459 1004 2483 αιι
1048 2446 1118 2485 Bis
1160 2449 1337 2493 (beatus)
1368 2450 1401 2484 Α
1432 2448 1590 2494 habeat,
1638 2448 1835 2484 incertum
1875 2449 1949 2492 est3

297 2507 466 2539 sanctus
499 2514 576 2540 om.
610 2503 649 2539 S.
724 2506 860 2539 tomas
893 2506 936 2541 V.
987 2526 1024 2530 —-
1075 2507 1109 2542 8.
1142 2505 1357 2551 Inscriptio
1390 2506 1431 2542 in
1465 2507 1516 2542 A:
1550 2506 1608 2541 De
1642 2505 1749 2551 Rege
1782 2505 1948 2541 Kanuto

298 2559 382 2595 filio
429 2561 678 2605 waldeari(!)
724 2562 863 2606 primi,
908 2564 943 2597 et
990 2562 1030 2597 in
1079 2573 1226 2609 marya
1281 2573 1347 2599 CII.
1395 2563 1518 2598 Knud
1564 2562 1817 2599 woldemars
1867 2563 1946 2598 son.

300 2617 360 2652 11.
388 2617 640 2663 wiburgensi
659 2618 734 2653 As.
797 2617 890 2654 Post
914 2619 1174 2665 Wibergensi
1205 2630 1333 2655 unum
1356 2619 1503 2666 folium
1528 2619 1723 2656 codicisv
1749 2619 1947 2655 amissum

296 2676 361 2718 est,
393 2675 533 2710 omnia
561 2686 685 2721 usque
710 2674 763 2710 ad
784 2675 932 2722 12438,
954 2676 1105 2712 18—19
1129 2677 1282 2723 (potuit
1305 2688 1431 2724 quam
1449 2677 1648 2721 Slauiam)
1672 2677 1947 2723 complectens.

298 2730 498 2766 bui-nemsi
546 2733 586 2774 S,
634 2733 741 2778 quod
787 2732 828 2767 in
877 2733 1146 2779 burglanensi
1192 2744 1295 2773 corr,
1344 2733 1402 2770 S2.
1493 2734 1554 2770 13.
1604 2737 1826 2771 m6uerunt
1870 2732 1947 2777 AS,

296 2788 469 2823 correxit
488 2787 711 2834 Lanyebelc.
769 2790 828 2825 14.
850 2790 1074 2826 haroldum
1094 2791 1133 2826 S.
1192 2791 1252 2827 16.
1272 2792 1534 2827 constituunt
1552 2791 1591 2827 S.
1644 2791 1703 2827 17.
1723 2802 1888 2827 amnem
1908 2789 1947 2826 S.

299 2844 497 2880 Lummca
544 2846 707 2892 scripsi3
754 2847 894 2883 lunico
942 2848 1006 2883 As
1052 2848 1287 2891 (Lummam
1335 2848 1467 2894 Saxo).
1547 2848 1610 2884 19.
1656 2851 1858 2895 cogerunt
1903 2847 1947 2884 Α.

298 2901 359 2935 22.
394 2902 704 2948 obrogauerant
734 2904 778 2939 Α.
853 2907 950 2939 sunt
981 2905 1114 2940 coacti
1146 2905 1184 2941 S.
1248 2906 1415 2942 24—25.
1450 2908 1625 2949 tantum,
1657 2905 1766 2950 quod
1793 2906 1826 2940 Α
1854 2907 1950 2951 post

297 2957 366 3001 illi,
411 2958 438 2993 S
467 2961 559 3004 post
591 2960 820 2996 Haraldum
854 2959 1015 3006 liabent,
1059 2961 1263 2998 Saxonem
1295 2964 1452 2998 secutus
1482 2964 1576 2998 ante
1608 2962 1785 3008 pecunia
1819 2963 1946 2998 trans-

294 3015 423 3058 posui.
488 3016 653 3052 25—26.
687 3017 767 3052 vita
798 3020 889 3062 posi
921 3018 1074 3053 delicto
1108 3017 1263 3056 habent
1292 3020 1369 3063 AS,
1403 3020 1536 3064 inepto
1569 3019 1665 3054 loco.
