2150 3584
677 218 938 248 cunomcozv
972 219 1239 248 LETHRENSE
1721 213 1774 253 53

131 332 423 386 interempto,
478 332 599 372 filius
655 332 752 373 eius
799 332 987 386 Ingyald
1043 332 1088 373 in
1136 344 1325 385 regnum
1376 335 1564 375 leuatur.
1658 336 1775 377 Huic

130 417 313 460 quoque
359 404 574 445 defuncto
622 404 840 446 successit
887 405 1064 446 Olauus
1112 405 1234 445 filius
1281 406 1398 456 eius,
1447 411 1487 447 et
1534 407 1618 460 ipsi
1668 408 1774 460 filia,

130 477 316 518 nomine
348 477 451 529 Asa,
498 477 553 518 de
595 490 684 531 qua
718 476 961 530 prouerbia
994 477 1136 517 multa
1170 477 1397 518 dicuntur.
1463 480 1639 520 Mortua
1673 481 1774 532 Asa,

128 562 217 604 que
258 549 374 602 patri
416 549 566 591 Olauo
606 552 898 601 successerat,
944 562 1021 590 rex
1064 550 1302 590 Danorum
1346 551 1491 592 factus
1532 553 1774 606 Haraldus,

128 620 205 675 qui
231 624 273 661 et
292 620 517 674 Hyldetan
543 620 798 672 dicebatur3
830 621 913 662 iste
936 621 1195 663 dominium
1227 609 1525 676 <maoei1m1m>
1558 624 1774 666 habuisse
1800 633 1819 663 5

127 692 307 745 dicitur,
352 693 482 734 factis
521 693 607 733 sibi
648 693 901 747 tributarijs
941 694 1159 735 omnibus
1199 695 1349 747 regnis
1382 709 1526 749 usque
1559 697 1614 736 ad
1650 710 1774 738 mare

128 765 526 808 mediterraneum.
610 766 818 820 Cumque
872 767 929 807 ad
978 766 1212 808 Suethiam
1261 767 1588 820 exigendorum
1637 769 1774 810 tribu-

125 841 278 879 torum
325 850 463 879 causa
510 837 880 892 proficisceretur,
928 839 1046 880 bello
1091 840 1266 893 excepit
1305 853 1409 880 eum
1456 853 1533 881 rex
1575 842 1687 894 Ring
1728 842 1771 882 in

127 923 304 964 campo,
337 910 525 952 nomine
551 911 747 962 Brawe13
781 911 859 952 ubi
892 924 945 952 ex
977 916 1103 965 parte
1131 912 1316 952 Haraldi
1352 912 1600 953 uexillifere
1626 915 1773 966 puelle

126 994 354 1036 pugnasse
379 983 599 1035 feruntur,
632 996 828 1038 quarum
854 997 945 1024 una
966 985 1139 1036 Hethae,
1163 985 1302 1025 altera
1323 985 1498 1038 Wysna
1523 985 1770 1027 dicebatur.
1801 996 1841 1026 10

127 1056 178 1096 In
224 1067 471 1108 congressu
517 1056 596 1097 illo
645 1056 874 1097 Haraldus
920 1057 1150 1110 occubuit,
1197 1061 1238 1097 et
1278 1071 1330 1098 ex
1377 1058 1604 1111 permissu
1645 1059 1772 1112 Ring,

124 1128 241 1181 regis
282 1128 478 1181 Suethie,
526 1129 645 1169 Dani
692 1130 892 1183 puellam
941 1130 1102 1170 Hethae
1148 1142 1297 1182 regem
1347 1143 1483 1184 super
1527 1144 1572 1171 se
1611 1133 1773 1172 eonsti-

124 1204 319 1242 tuerunt.
383 1201 482 1252 Que
529 1201 671 1242 eciam
721 1202 861 1243 Dacie
907 1202 1141 1255 imperans
1181 1203 1413 1244 ciuitatem
1461 1204 1531 1244 sui
1572 1204 1773 1245 nominis

126 1274 350 1327 Hethaeby
381 1274 504 1327 apud
535 1274 822 1315 Jutlandiam
853 1274 900 1315 in
934 1278 1068 1328 portu
1102 1275 1258 1316 statuit
1289 1276 1588 1317 Sleswicensi.
1656 1316 1666 1330 ‚

214 1402 248 1439 1.
291 1407 419 1449 regnu
457 1402 618 1450 scripsi3
678 1412 805 1449 regno
853 1403 897 1440 C.
975 1404 1011 1440 4.
1059 1415 1141 1451 que
1187 1405 1296 1451 patri
1346 1406 1395 1456 Ε;
1443 1405 1487 1453 ᾧ
1517 1404 1582 1454 (z
1604 1405 1773 1455 quemfi’)

126 1461 244 1506 pater
269 1459 308 1495 Μ
377 1461 579 1496 successit
608 1461 657 1496 Μ.
721 1462 756 1498 5.
785 1461 1006 1508 Hyldedan
1031 1462 1069 1497 Μ
1141 1462 1369 1498 maximum
1396 1463 1549 1500 addidi.
1615 1465 1650 1500 8.
1678 1475 1770 1510 pro-

126 1517 321 1553 ficeretur
358 1516 404 1563 C,
449 1517 618 1555 correxi.
705 1518 821 1564 Ryng
863 1519 904 1555 Ε.
983 1519 1018 1555 9.
1059 1519 1245 1556 Brarwel
1286 1519 1331 1557 C.
1422 1521 1486 1558 10.
1530 1521 1676 1557 Hethae
1716 1522 1769 1566 νς

128 1573 304 1619 HethE;
338 1574 517 1611 Helth
579 1576 747 1621 Wysnae
767 1576 817 1612 M.
883 1577 943 1613 12.
973 1576 1081 1612 Heth
1102 1577 1152 1621 E;
1187 1577 1280 1613 Helt
1297 1577 1349 1614 M.
1409 1578 1472 1615 13.
1499 1578 1700 1624 inparans
1719 1579 1770 1614 Μ.

129 1631 191 1668 14.
234 1631 486 1668 Slesuicensi
526 1632 585 1677 Μ;
632 1632 906 1679 Sleswycensi
951 1634 992 1669 E.
1039 1655 1081 1659 —
1126 1634 1223 1670 Post
1258 1633 1343 1670 haec
1385 1635 1435 1672 C:
1500 1635 1577 1671 Hic
1622 1637 1771 1672 transit

125 1687 349 1735 imperium
384 1689 670 1725 Romanorum
705 1690 755 1725 ad
789 1700 905 1737 reges
940 1691 1125 1727 Francie.
