2150 3584
560 229 854 258 COMPENmVM
888 229 1087 258 SAxoms.
1142 230 1223 257 Lm.
1258 230 1300 257 vi
1668 221 1750 259 293

191 343 309 384 VIII.
371 344 579 397 Cumque
613 343 755 395 Helgo
788 342 965 393 rediret,
998 343 1054 382 ad
1088 343 1242 395 plures
1269 343 1366 383 dies
1392 347 1547 396 postea
1574 343 1751 385 Starka-

104 417 260 458 therus
292 415 374 456 iter
406 426 644 468 aggressus
676 418 855 455 tantum
890 414 1076 467 perfecit
1101 415 1284 455 duobus
1309 415 1472 456 diebus
1497 416 1552 456 de
1577 416 1750 467 itinere,

102 491 326 542 quantum
365 488 483 528 alius
522 500 600 541 per
631 487 842 528 vndecim
877 486 988 538 dies,
1034 486 1094 527 ita
1133 491 1178 527 vt
1218 488 1376 528 eadem
1421 488 1533 528 hora
1575 488 1671 541 ipse
1711 493 1751 528 et

104 561 247 612 Helgo
280 561 337 600 ad
370 559 545 600 curiam
581 559 737 611 Ingelli
770 563 1099 600 conuenerunt.
1163 559 1248 599 Vbi
1291 572 1397 600 cum
1431 560 1751 601 Starkatherus

101 636 205 674 ante
238 644 447 672 mensam
480 631 726 685 preteriret,
774 631 963 684 predicti
1004 644 1174 672 nouem
1215 631 1373 672 fratres
1414 644 1540 673 more
1582 644 1749 673 canum
1779 641 1798 671 5

102 709 260 746 contra
315 717 470 745 senem
526 704 830 745 oblatrabant.
922 704 1051 754 Quos
1104 716 1211 745 cum
1263 704 1338 744 ille
1385 709 1569 758 propter
1615 705 1750 746 talem

102 777 294 818 modum
341 776 579 817 bestialem
626 776 926 829 increpasset,
974 775 1272 829 quesiuerunt
1319 776 1376 816 ab
1423 789 1497 829 eo,
1552 777 1587 817 si
1635 777 1752 818 vires

102 850 290 890 haberet
327 849 599 898 dimicandi3
646 848 725 902 qui
763 848 999 901 respondit
1037 861 1084 889 se
1124 848 1293 889 habere
1325 849 1443 890 vires
1476 862 1567 890 non
1601 850 1750 891 solum

103 923 159 962 ad
221 922 557 963 occurrendum
619 921 696 962 vni
757 921 834 961 sed
890 920 1033 961 eciam
1091 925 1400 975 quotcunque.
1491 922 1625 972 Quod
1688 922 1753 962 illi

101 994 338 1035 audientes
384 993 678 1047 reputabant,
726 1006 830 1033 eum
879 993 1005 1033 hunc
1049 1005 1166 1044 esse,
1213 1006 1349 1046 quem
1397 994 1444 1034 in
1492 994 1751 1035 subsidium
1780 1003 1821 1034 10

104 1066 321 1118 Helgonis
350 1079 371 1106 e
397 1065 649 1120 longinquo
675 1069 971 1119 perceperant
994 1065 1316 1106 aduenturum.
1366 1065 1580 1120 Sequenti
1604 1079 1752 1118 mane,

103 1151 208 1180 cum
247 1139 305 1179 ad
346 1142 573 1179 certamen
619 1138 864 1191 procedere
903 1137 1133 1189 deberent,
1181 1137 1501 1179 Starkatherus
1540 1139 1596 1179 ad
1631 1139 1753 1180 cubi-

102 1212 259 1252 culum
303 1210 520 1262 Helgonis
563 1210 752 1251 veniens
799 1209 911 1250 vidit
957 1223 1062 1250 eum
1110 1210 1156 1250 in
1204 1210 1318 1251 lecto
1367 1211 1600 1265 quiescere
1647 1224 1751 1253 cum

103 1296 252 1324 vxore.
301 1282 472 1323 Nolens
498 1282 634 1335 igitur
661 1295 766 1323 eum
795 1282 1050 1336 inquietare
1079 1282 1204 1322 solus
1228 1283 1285 1323 ad
1312 1283 1465 1324 locum
1491 1284 1754 1324 certaminis

102 1355 199 1408 iuit,
246 1355 326 1409 qui
372 1359 467 1396 erat
512 1355 559 1395 in
607 1367 772 1409 campo
819 1355 1028 1407 Roliung,
1075 1358 1212 1408 atque
1258 1355 1344 1396 sub
1391 1356 1595 1410 quodam
1642 1357 1756 1397 colle
1784 1365 1825 1396 15

105 1432 263 1469 contra
303 1427 436 1469 niues
477 1441 524 1469 se
563 1428 737 1481 posuit;
783 1427 939 1482 ibique
984 1431 1103 1468 veste
1135 1427 1357 1480 deposita,
1404 1428 1536 1482 quasi
1576 1433 1757 1482 tempus

105 1513 299 1541 vernum
347 1503 481 1551 esset,
529 1500 768 1541 demendis
815 1499 1046 1553 pulicibus
1093 1512 1281 1552 operam
1329 1500 1480 1542 dabat.
1558 1501 1757 1541 Veniunt

104 1576 257 1613 autem
297 1572 442 1613 eciam
483 1572 591 1613 dicti
629 1572 803 1625 fratres,
850 1576 1072 1626 ponentes
1112 1585 1159 1612 se
1199 1585 1253 1612 ex
1283 1573 1423 1613 altera
1456 1577 1582 1626 parte
1614 1573 1757 1625 collis,

104 1648 150 1685 vt
180 1644 303 1685 venti
334 1644 617 1685 declinarent
642 1645 955 1695 incommoda,
987 1644 1282 1698 feceruntque
1309 1644 1396 1685 sibi
1421 1645 1573 1697 ignem
1599 1650 1756 1686 contra

104 1717 267 1769 frigus3
315 1729 513 1771 cumque
545 1721 727 1771 tempus
758 1717 984 1769 transiret,
1034 1716 1256 1757 miserunt
1296 1730 1438 1758 vnum
1478 1718 1535 1758 ad
1569 1718 1757 1758 summi·
1783 1728 1825 1759 20

104 1793 242 1830 tatem
276 1789 419 1842 collis,
454 1793 499 1831 vt
530 1789 823 1843 prospiceret,
866 1789 903 1829 si
936 1802 990 1829 ex
1022 1788 1274 1843 longinquo
1307 1789 1473 1844 aliquis
1505 1790 1754 1831 adueniret.

105 1862 196 1913 Qui
238 1863 350 1902 dum
390 1861 683 1914 ascendisset,
730 1862 843 1903 vidit
885 1875 939 1903 ex
978 1862 1119 1902 altera
1158 1865 1284 1914 parte
1329 1875 1483 1903 senem
1524 1863 1754 1903 sedentem

105 1946 159 1974 ac
190 1947 327 1987 super
359 1935 572 1987 scapulas
603 1934 792 1975 niuibus
820 1937 1112 1987 coopertum;
1145 1947 1282 1987 quem
1311 1935 1421 1975 dum
1448 1934 1756 1986 interrogaret,

105 2019 162 2046 an
196 2010 313 2047 esset
341 2006 392 2058 is,
425 2006 504 2060 qui
530 2019 636 2047 cum
663 2006 727 2047 eis
752 2006 972 2046 dimicare
996 2006 1192 2056 deberet,
1224 2006 1461 2059 respondit
1486 2019 1533 2046 se
1558 2007 1754 2048 eundem

106 2091 214 2119 esse.
277 2079 409 2119 Tunc
450 2079 584 2120 ceteri
634 2078 1010 2132 superuenientes
1057 2077 1323 2132 querebant,
1372 2078 1559 2119 insimul
1597 2092 1757 2120 omnes
1783 2088 1826 2119 25

108 2163 166 2190 an
199 2151 459 2191 successiue
491 2164 634 2192 vnum
676 2155 779 2204 post
809 2150 953 2191 alium
996 2150 1196 2203 recipere
1235 2150 1369 2191 vellet
1408 2150 1465 2190 ad
1504 2155 1756 2196 certamen:

106 2226 150 2263 at
181 2222 275 2264 ille:
327 2223 584 2274 »Quociens
617 2235 776 2263 canes«
813 2222 962 2275 inquit
998 2226 1180 2262 »contra
1215 2235 1287 2262 me
1319 2223 1499 2274 latrant,
1547 2223 1683 2263 simul
1717 2228 1757 2264 et

78 2307 199 2336 >non
237 2294 440 2336 vicissim
483 2308 560 2336 eos
600 2295 757 2347 fugare
796 2295 960 2335 soleo.«
1027 2294 1144 2334 Inito
1177 2293 1313 2346 igitur
1344 2294 1562 2335 conflictu
1595 2307 1673 2335 sex
1704 2308 1756 2335 ex

192 2450 228 2486 2.
267 2449 446 2496 profecit
477 2451 522 2486 A.
614 2450 724 2486 2—3.
767 2450 893 2485 duob.
932 2449 1343 2485 diebus..vndecim
1383 2449 1439 2494 d.;
1485 2449 1603 2487 aliter
1631 2450 1756 2486 Saxo:

107 2507 206 2542 diali
252 2507 401 2543 itinere
436 2537 442 2543 .
475 2537 481 2543 .
513 2516 583 2543 ΧΠ.
633 2507 792 2543 diebus.
898 2507 1008 2542 3—4.
1054 2507 1144 2553 ipse
1191 2510 1230 2542 et
1279 2506 1326 2541 H.
1372 2506 1517 2542 eadem
1565 2507 1757 2543 hora'S.

110 2565 145 2599 4.
178 2564 318 2610 ingelli
343 2565 504 2600 curiam
522 2564 598 2600 AS.
661 2564 696 2599 8.
721 2564 876 2599 habere
901 2563 998 2599 dim.
1017 2564 1063 2603 V.
1127 2564 1161 2599 9.
1186 2572 1443 2610 quocunque
1468 2565 1522 2608 A3
1554 2568 1759 2610 quotcun-

107 2631 189 2667 que
219 2621 409 2657 venirent
438 2622 478 2657 S.
543 2622 606 2660 11,
641 2620 808 2666 helgoni
834 2621 879 2657 V.
957 2631 1006 2656 ex
1037 2620 1144 2667 long.
1168 2621 1244 2657 AS.
1313 2621 1374 2656 12.
1407 2631 1520 2666 proc.
1546 2621 1758 2664 deberent,

109 2677 163 2714 St.
208 2678 297 2724 DV;
345 2678 632 2724 procederent,
679 2678 732 2713 St.
772 2679 822 2722 A3
869 2677 1116 2724 procederet
1163 2677 1218 2714 St.
1266 2677 1305 2714 S.
1399 2678 1460 2713 13.
1502 2678 1543 2713 in
1594 2688 1672 2714 om.
1713 2679 1757 2713 V.

112 2735 174 2770 14.
206 2745 301 2770 eum
334 2735 459 2781 igitur
487 2735 563 2771 AS.
628 2735 690 2770 15.
725 2735 933 2781 rolyungh
968 2734 1018 2779 S;
1051 2734 1216 2780 roliung
1241 2735 1274 2770 A
1306 2734 1453 2779 (Saxo).
1519 2735 1577 2770 16.
1611 2738 1756 2771 contra

109 2791 284 2828 iuuenes
297 2793 335 2836 (l)
352 2793 394 2828 A.
461 2794 521 2828 17.
552 2792 668 2828 verni
687 2792 763 2835 AS,
794 2792 862 2827 sed
888 2791 927 2826 ἰη
955 2791 983 2827 S
1005 2791 1143 2837 fuerat
1164 2802 1354 2827 vernum.
1422 2791 1649 2837 pullicibus
1675 2792 1756 2827 DV.

113 2848 174 2884 18.
207 2851 247 2885 et
278 2849 376 2884 dieti
410 2849 522 2886 VAS.
616 2849 677 2885 19.
717 2851 758 2884 vt
790 2859 868 2885 om.
902 2849 945 2884 A.
1036 2848 1290 2884 declinarem
1324 2848 1367 2884 A.
1457 2848 1679 2884 incomoda
1713 2849 1757 2890 V,

111 2906 147 2940 et
175 2906 233 2941 sic
264 2916 345 2941 non
379 2917 473 2942 raro
505 2907 547 2942 in
578 2906 691 2944 codd.
726 2904 925 2941 scribitur.
1018 2905 1082 2941 20.
1122 2905 1360 2941 sumitatem
1393 2905 1472 2949 VS,
1519 2908 1561 2941 ut
1600 2905 1757 2951 saepius.

112 2961 177 2998 22.
208 2962 328 3006 Quod
356 2963 401 2999 V.
478 2963 577 2999 dum
612 2964 663 3007 D;
695 2973 790 2998 curn
825 2962 938 2998 VAS.
1002 2962 1064 2998 23.
1098 2961 1282 3009 scapulis
1314 2962 1427 2998 DVS.
1489 2962 1554 3000 25.
1588 2962 1758 2998 insimul

111 3019 273 3065 scripsi3
305 3030 355 3055 an
389 3020 515 3056 simul
546 3020 658 3056 codd.
723 3020 788 3056 27.
822 3019 960 3065 inquit
990 3029 1069 3056 om.
1104 3019 1142 3055 S.
1212 3019 1276 3054 28.
1309 3018 1450 3065 fugere
1482 3018 1522 3055 S.
1601 3018 1758 3065 qfssicto

111 3075 225 3119 (corr.
256 3077 331 3121 -tu)
365 3077 418 3121 D;
450 3076 606 3113 afflicto
638 3077 672 3112 V
704 3079 740 3112 el
767 3075 860 3121 fort.
896 3076 948 3120 A;
980 3075 1137 3112 afflictu
1171 3076 1211 3111 S.

181 3142 285 3185 Scriptf
304 3156 368 3179 hist.
391 3157 460 3180 Dan.
483 3157 618 3180 minores.
1511 3144 1552 3174 20
