2150 3584
334 1099 374 1129 10

328 1462 368 1492 15

322 1825 364 1856 20

316 2551 358 2582 30

314 2913 356 2943 35

409 212 487 251 122
747 221 1021 251 sempronsss
1054 221 1281 252 nisromAE
1312 223 1488 252 DANICAE
1520 222 1719 252 MINORES

1199 336 1255 396 X

403 454 540 496 regna
580 456 664 483 suo
704 441 961 495 aggregauit
998 443 1205 497 imperio.
1269 443 1450 497 Quippe
1484 444 1782 497 Hyberniam,
1823 444 2048 497 Angliam,

405 515 620 567 Galliam,
683 515 881 567 ltaliam,
945 516 1338 568 Longobarfflam,
1397 515 1690 568 Teotoniam,
1752 516 2048 569 Noruagiam,

404 587 605 629 Slauiam
645 600 751 628 cum
785 587 938 628 Samia
981 588 1090 628 satis
1133 589 1359 640 eleganter
1402 588 1676 641 subiugauit.
1741 588 1827 630 Hic
1857 588 2048 642 primus,

402 661 512 700 dum
560 659 607 700 in
650 660 810 712 Anglia
853 660 979 714 pacis
1017 660 1345 715 tranquillitate
1389 665 1633 714 poteretur,
1679 662 1799 713 leges
1845 660 2051 701 condidit

403 736 668 784 castrenses,
701 746 814 786 quas
841 746 923 786 pro
952 733 1142 774 modulo
1168 733 1386 786 ingenioli
1412 733 1501 775 mei
1528 747 1667 787 supra
1692 733 1848 774 libaui.
1898 733 2048 774 Huius

402 818 579 859 quoque
616 805 710 845 filia
750 805 893 845 extitit
927 805 1143 858 Gunnild⁷
1185 805 1376 847 illustris
1417 806 1601 858 femina,
1648 819 1786 860 quam
1822 805 2048 847 Henricus

399 877 660 930 imperator,
707 877 998 930 imperatoris
1032 877 1229 919 cunradi
1267 879 1402 931 filius,
1449 878 1536 920 sibi
1576 878 1872 919 matrimonio
1911 891 2048 932 copu-

399 949 523 989 lauit.
615 950 762 1001 Quem
818 950 930 991 dum
979 950 1174 991 Romani
1227 951 1528 992 tumultuaria
1584 950 1808 992 seditione
1853 964 1879 991 a
1924 950 2046 1003 regio

400 1021 682 1075 pepulissent
726 1023 855 1075 solio,
905 1034 1123 1075 generum
1169 1023 1328 1064 adiens
1376 1024 1473 1065 eius
1519 1023 1869 1077 opitulationem
1914 1022 2046 1064 inter-

401 1094 599 1146 pellauit.
650 1095 778 1136 Vnde
802 1100 935 1137 nacta
961 1095 1202 1137 occasione
1225 1096 1415 1137 illustris
1441 1095 1510 1137 ille
1535 1096 1824 1150 precluisque
1842 1096 2045 1138 Canutus

399 1170 635 1220 assumpto
683 1167 881 1208 exercitu
929 1181 1012 1209 suo
1059 1168 1209 1222 primo
1252 1169 1446 1210 Galliam
1494 1169 1821 1222 depopulando
1861 1167 2046 1219 inuasit,

398 1238 553 1292 sicque
592 1239 781 1280 ulterius
821 1241 1155 1293 progrediendo
1189 1242 1561 1294 Longobardiam
1594 1254 1700 1282 cum
1744 1240 1873 1281 Italia
1912 1241 2046 1281 deua-

397 1311 547 1364 stauit‚
594 1325 648 1352 ac
691 1314 987 1365 postmodum
1027 1314 1194 1355 uirtute
1234 1314 1456 1367 compulit
1496 1315 1729 1355 Romanos
1771 1313 2044 1354 multimoda

395 1383 625 1424 ciuitatem
661 1385 746 1425 sibi
778 1385 1029 1438 resignare3
1076 1387 1232 1440 sicque
1269 1386 1594 1440 imperatorem
1637 1390 1678 1427 et
1709 1397 1926 1439 generum
1959 1398 2043 1426 suo

393 1459 526 1497 trono
558 1456 765 1498 restituit.
814 1458 917 1508 Quo
945 1462 1124 1512 peracto
1157 1471 1262 1500 cum
1297 1458 1466 1511 ingenti
1490 1458 1692 1513 tripudio
1725 1459 1783 1499 ad
1809 1458 2043 1499 Frantiam

395 1541 539 1582 usque
566 1530 857 1582 commeauit,
886 1531 1178 1585 Turonisque
1211 1532 1441 1585 profectus
1474 1531 1593 1572 beati
1612 1530 1795 1572 Martini
1827 1530 2044 1586 reliquias

394 1600 699 1654 Rotomagum
759 1607 964 1656 potenter
1017 1617 1174 1645 secum
1222 1603 1494 1657 asportauit,
1550 1617 1603 1645 eo
1649 1604 1774 1658 quod
1821 1602 2041 1644 ciuitatem

392 1672 517 1713 illam
551 1687 630 1727 pre
662 1675 819 1715 ceteris
846 1676 1102 1729 specialiter
1126 1677 1353 1729 diligebat.
1403 1676 1610 1717 Prefatus
1635 1689 1819 1731 quoque
1837 1676 2042 1718 Canutus

392 1745 509 1786 duos
549 1746 667 1787 filios
706 1749 874 1801 genuit,
921 1762 1120 1803 quorum
1167 1750 1361 1789 alterum
1407 1761 1491 1789 suo
1538 1749 1788 1802 appellauit
1832 1747 2040 1797 nomine;

391 1830 527 1871 quem
560 1820 833 1871 cognomine
866 1822 1045 1861 Durum
1078 1821 1395 1873 nominabant,
1440 1834 1532 1862 non
1571 1822 1695 1876 quod
1727 1824 1936 1862 austerus
1967 1820 2040 1860 uel

391 1890 587 1931 crudelis
620 1893 825 1945 extiterit,
869 1907 1031 1934 uerum
1064 1894 1171 1935 inde
1204 1893 1390 1934 sortitus
1423 1907 1606 1946 nomen,
1654 1895 1779 1949 quod
1810 1892 2039 1947 prouintie

390 1948 517 2016 (tale)
549 1977 719 2005 nomen
752 1965 958 2017 extiterit,
1005 1979 1059 2006 ex
1090 1979 1180 2021 qua
1213 1967 1411 2007 natalem
1445 1967 1575 2007 duxit
1605 1966 1840 2019 originem.
1904 1965 2040 2005 Hunc

391 2038 516 2087 pater
556 2036 685 2077 Datie
732 2049 881 2090 regem
922 2038 1119 2092 prefecit.
1181 2039 1386 2079 Alterum
1434 2052 1544 2080 uero
1592 2039 1846 2081 Suenonem
1893 2035 2038 2078 nomi-

388 2107 529 2160 nauit,
576 2109 647 2149 cui
697 2111 977 2163 Noruagiam
1023 2111 1373 2163 gubernandam
1415 2111 1665 2165 deputauit.
1736 2111 1836 2165 Ipse
1882 2113 2035 2150 autem

320 2192 337 2221 ι
387 2178 594 2232 Angliam
653 2168 870 2237 <quinque
913 2183 1047 2235 ferme
1093 2183 1236 2224 lustris
1281 2183 1402 2237 reyia
1444 2187 1650 2238 potestate
1695 2180 2033 2224 administrauit.

388 2250 553 2292 Interea
598 2253 680 2305 filii
724 2254 878 2308 ipsius,
929 2254 1087 2308 quibus
1128 2255 1303 2309 prefata
1350 2244 1507 2310 1'e9m1>
1555 2255 1862 2308 commiserat,
1909 2257 2035 2307 patre

387 2324 626 2376 superstite
680 2326 884 2367 debitum
940 2328 1034 2368 Ade
1081 2328 1412 2381 persoluerunt.
1505 2329 1641 2379 Quod
1695 2327 1888 2368 audiens
1943 2339 2034 2378 rex,

387 2394 586 2447 patrium
612 2383 841 2451 <re9m1m>
873 2397 1092 2449 regimine
1117 2398 1434 2450 gubernatoris
1460 2398 1742 2451 destitutum,
1774 2399 1831 2439 ad
1850 2397 2033 2438 Datiam

385 2467 580 2507 reditum
622 2469 925 2521 accelerabat3
973 2474 1015 2510 et
1053 2470 1159 2524 quia
1200 2471 1246 2511 in
1283 2471 1413 2511 Datia
1458 2471 1645 2512 ecclesie
1677 2471 1860 2512 nouella
1892 2469 2034 2511 extitit

386 2538 626 2592 plantatio,
685 2542 854 2582 multos
907 2542 1148 2595 pontifices
1194 2547 1236 2583 et
1282 2544 1572 2597 presbyteros
1620 2556 1775 2584 secum
1822 2541 2032 2593 adduxit3

384 2624 582 2664 quorum
624 2613 738 2653 alios
777 2627 915 2667 penes
956 2628 1001 2655 se
1034 2615 1240 2668 detinuit,
1288 2616 1402 2656 alios
1434 2619 1575 2656 aulem
1609 2616 1665 2656 ad
1699 2615 2030 2669 predicandum

384 2683 620 2735 delegauit.
670 2685 722 2725 Ei
751 2699 829 2739 per
854 2687 1119 2728 uniuersam
1141 2688 1357 2740 Suetiam,
1391 2688 1570 2729 Gotiam
1596 2691 1731 2741 atque
1752 2686 2030 2740 Noruagiam

383 2754 588 2808 dispersi,
622 2770 821 2798 necnon
848 2760 906 2799 ad
925 2760 1174 2801 Islandiam
1208 2760 1480 2813 transmissi,
1514 2760 1643 2801 uerbi
1675 2760 1822 2801 diuini
1854 2759 2028 2801 semina

382 2833 685 2880 propagantes
727 2831 893 2871 multas
930 2832 1110 2873 animas
1143 2833 1324 2874 Christo
1368 2836 1474 2873 sunt
1515 2833 1691 2885 lucrati,
1738 2833 1862 2873 iuxta
1893 2832 2027 2873 illud:

381 2899 446 2939 ‘In
480 2912 664 2941 omnem
698 2905 863 2943 terram
897 2903 1036 2944 exiuit
1068 2917 1209 2946 sonus
1242 2918 1415 2951 eorum,
1461 2909 1502 2946 et
1533 2905 1580 2945 in
1612 2905 1728 2946 fines
1759 2904 1883 2946 orbis
1914 2908 2028 2945 terre

471 3037 503 3070 1.
539 3040 793 3082 aggregatur.
856 3039 889 3073 3.
924 3038 1070 3074 Scania
1097 3051 1192 3075 cum
1219 3039 1367 3076 Sanna.
1431 3041 1464 3076 6.
1497 3051 1535 3085 (13
1567 3039 1664 3088 (pro
1681 3035 1742 3088 (ᾖ).
1805 3040 1839 3076 7.
1867 3039 2028 3076 Canuti.

386 3092 446 3127 10.
483 3103 558 3128 me.
637 3094 698 3129 15.
730 3098 864 3139 pacto.
943 3096 1003 3132 17.
1037 3099 1226 3133 canutus.
1314 3097 1377 3133 27.
1410 3096 1597 3133 debitum
1630 3097 1745 3133 adeo.
1831 3096 1894 3133 28.
1926 3095 2029 3142 regi—

382 3148 481 3183 mini
529 3149 807 3195 gubernatore
860 3153 954 3197 (pro
1002 3154 1138 3203 -tore).
1245 3153 1409 3190 29—30.
1457 3153 1623 3190 nouella
1672 3153 1894 3200 plantatio,
1953 3152 2025 3199 cfr.
