2150 3584
585 218 878 247 COMPENDWM
913 219 1110 248 SAXOle.
1162 221 1243 248 ΜΒ.
1280 221 1318 248 ix
1694 211 1769 248 351

127 335 268 375 filiam
305 332 585 384 Hathelradi,
618 332 734 383 regis
766 332 1031 384 Anglorum.
1097 333 1185 383 Qui
1219 335 1329 373 dum
1365 347 1463 373 eam
1500 338 1775 387 procare-tur,

126 407 201 448 illa
234 405 346 446 dixit
378 418 424 445 se
457 417 549 444 non
582 404 621 445 ei
654 408 918 457 nupturam,
951 408 1197 458 antequam
1228 406 1415 446 Daciam
1444 406 1563 446 dotis
1591 406 1775 446 nomine

126 478 379 532 recepisset.
443 477 577 527 Quod
627 489 732 516 cum
781 476 855 515 ille
895 477 1189 529 promitteret,
1236 490 1289 518 ac
1329 478 1464 518 simul
1507 478 1672 518 lectum
1715 478 1776 518 in-

126 555 308 599 trarent,
356 550 431 590 illa
472 548 802 589 instantissime
849 548 1150 601 supplicabat,
1200 563 1254 589 ne
1303 563 1380 603 per
1422 550 1532 590 illud
1574 550 1774 590 triduum

128 621 526 665 matrimonialiter
566 624 930 673 cognosceretur,
978 621 1063 661 nisi
1113 622 1167 662 de
1215 622 1365 662 sutura
1409 623 1534 674 prole
1573 622 1774 675 aliquam

126 694 445 737 certitudinem
477 693 753 746 insompniis
787 697 939 746 posset
971 693 1187 746 optinere.
1239 694 1330 734 Hec
1365 694 1528 746 peticio
1560 695 1777 747 processit

126 768 195 809 vel
234 768 290 808 de
329 767 425 807 zelo
468 765 701 817 castitatis,
748 765 818 806 vel
858 765 965 818 quia
1013 778 1092 819 per
1133 766 1258 806 hunc
1298 767 1489 807 modum
1531 767 1677 807 virum
1719 769 1773 807 ad

127 841 264 881 fidem
285 838 452 881 Christi
478 838 736 890 attraheret,
763 841 808 878 vt
833 837 1022 891 quidam
1048 838 1219 879 dieunt.
1267 839 1538 880 Assenciens
1565 839 1775 892 peticioni

126 913 224 953 eius
264 912 404 953 Gorm
445 910 742 963 euaginatum
789 910 993 962 gladium
1042 910 1089 950 in
1137 911 1251 952 lecto
1300 911 1452 964 posuit
1499 911 1614 952 inter
1657 925 1703 951 se
1736 916 1777 952 et

126 997 325 1026 onrem.
390 984 599 1037 Cumque
631 982 864 1034 dormiret,
901 982 1014 1023 vidit
1045 984 1161 1023 duas
1193 997 1302 1024 aues
1335 984 1390 1024 de
1422 984 1593 1035 gremio
1627 984 1778 1024 vxoris

126 1057 322 1111 prodire,
369 1069 564 1110 quarum
609 1067 695 1095 vna
737 1055 911 1108 reliqua
952 1055 1099 1096 maior
1145 1060 1260 1106 erat,
1308 1056 1549 1109 primoque
1594 1069 1777 1096 sursum

127 1129 394 1179 euolabant‚
457 1128 622 1168 deinde
669 1128 911 1168 redeuntes
957 1128 1004 1168 in
1051 1128 1149 1169 eius
1197 1128 1411 1169 manibus
1458 1141 1504 1168 se
1551 1129 1775 1169 locabant.

127 1202 262 1253 Quod
305 1214 411 1242 cum
451 1201 654 1241 secundo
695 1203 736 1240 et
776 1200 915 1241 tercio
957 1201 1170 1253 facerent,
1216 1201 1401 1241 tandem
1435 1200 1595 1241 vltimo
1628 1201 1779 1242 minor

126 1274 373 1315 cruentatis
413 1272 576 1327 pennis
613 1272 760 1325 rediit,
809 1272 982 1314 maiore
1021 1287 1114 1314 non
1151 1286 1346 1314 reuersa.
1409 1273 1612 1313 Territus
1645 1273 1778 1325 igitur

126 1347 181 1388 de
228 1346 441 1399 sompnio
489 1345 662 1386 fortiter
709 1345 958 1396 clamabat,
1005 1346 1126 1399 quod
1173 1358 1278 1386 cum
1323 1349 1564 1397 narrasset,
1612 1347 1777 1399 Thyrae

125 1419 371 1460 certificata
418 1419 473 1458 de
520 1418 646 1470 prole
693 1417 915 1471 applicuit
961 1431 1007 1459 se
1054 1419 1180 1471 operi
1228 1418 1477 1471 coniugali,
1534 1418 1778 1471 genuitque

126 1492 243 1533 duos
275 1491 396 1531 filios
421 1490 636 1543 egregios,
670 1491 933 1531 Knutonem
959 1494 1001 1531 et
1021 1491 1289 1531 Haraldum.
1338 1491 1428 1542 Qui
1461 1503 1567 1531 cum
1604 1491 1776 1531 virilem

125 1563 376 1617 attigissent
394 1567 572 1615 etatem,
599 1576 703 1603 cum
731 1563 876 1603 classe
895 1563 1140 1604 Slauorum
1158 1563 1460 1604 insolenciam
1479 1564 1778 1613 domuerunt3

126 1636 290 1677 deinde
321 1635 530 1688 Angliam
565 1635 804 1676 vexabant.
861 1636 1122 1676 Delectatus
1154 1649 1232 1676 rex
1263 1636 1436 1687 Anglie,
1469 1649 1586 1676 auus
1619 1649 1778 1676 eorum

127 1709 396 1760 Edelradus,
444 1708 635 1748 libenter
681 1720 839 1748 eorum
889 1707 1087 1748 insultus
1135 1708 1402 1760 sustinebat,
1449 1709 1655 1762 adeoque
1702 1722 1779 1749 eos

126 1780 302 1833 dilexit,
349 1785 395 1822 vt
441 1780 652 1833 Angliam
700 1779 746 1819 in
794 1784 1065 1820 testamento
1113 1781 1281 1832 legaret
1327 1781 1510 1821 eisdem.
1604 1780 1779 1821 Deinde

128 1853 412 1906 Hyberniam
445 1854 666 1893 adeuntes
700 1853 984 1904 Dubliniam,
1017 1857 1155 1906 eaput
1188 1853 1440 1906 prouincie,
1482 1854 1778 1901 obsederunt3

125 1939 204 1966 rex
244 1930 397 1966 autem
433 1925 679 1978 Hybernie,
727 1938 891 1965 nemus
934 1925 1053 1966 circa
1087 1925 1355 1966 Dubliniam
1398 1939 1503 1966 cum
1537 1925 1779 1977 sagittariis

127 1998 370 2050 ingressus,
419 1999 681 2038 Knutonem
730 1998 845 2038 inter
891 1997 1057 2039 milites
1104 2002 1331 2039 nocturno
1373 2002 1578 2051 tempore
1620 1998 1779 2038 ambu-

127 2071 297 2111 lantem
345 2084 451 2111 cum
499 2070 660 2122 sagitta
706 2070 897 2110 letaliter
944 2070 1215 2111 vulnerauit.
1287 2070 1377 2120 Qui
1423 2071 1535 2110 dum
1585 2074 1773 2111 mortem

127 2143 214 2184 sibi
265 2143 507 2183 imminere
564 2143 867 2196 conspiceret,
929 2143 1199 2183 hortabatur
1247 2144 1424 2195 Danos,
1486 2156 1542 2183 ne
1597 2147 1780 2195 propter

128 2220 319 2256 mortem
361 2229 492 2256 suam
541 2215 810 2256 desisterent
853 2215 911 2255 ab
950 2215 1153 2267 incept03
1202 2219 1386 2268 propter
1428 2216 1552 2268 quod
1593 2214 1779 2255 viriliter

127 2287 397 2328 dimicantes
428 2292 596 2328 terram
630 2287 716 2328 sibi
749 2287 1069 2339 subiugabant.
1134 2289 1200 2328 Eo
1242 2291 1445 2340 tempore
1479 2287 1617 2328 Gorm
1651 2287 1778 2327 senio

128 2360 361 2401 confectus
407 2373 461 2401 ac
506 2361 607 2400 visu
656 2372 709 2400 ex
756 2363 985 2400 senectute
1033 2361 1240 2413 priuatus
1288 2359 1433 2412 magis
1475 2361 1529 2400 de
1578 2359 1776 2400 filiorum

129 2433 272 2473 salute
304 2445 444 2486 quam
477 2433 532 2472 de
565 2431 749 2485 propria
779 2431 871 2472 vita
897 2431 1118 2473 sollicitus
1143 2436 1258 2481 erat;
1292 2436 1417 2472 tanto
1443 2435 1595 2472 autem
1622 2445 1778 2472 amore

128 2506 183 2545 ad
226 2505 446 2545 maiorem
496 2505 643 2545 filium
686 2504 928 2556 ferebatur,
975 2508 1021 2545 vt
1066 2504 1236 2544 iuraret
1281 2504 1410 2544 illum
1460 2503 1778 2554 occidendum,

217 2615 249 2650 1.
297 2614 507 2650 hatolradi
554 2615 607 2659 A,
669 2613 905 2649 hathelardi
953 2614 993 2649 S.
1085 2613 1240 2659 anglo]
1285 2614 1338 2658 V;
1400 2613 1657 2659 anglicorum
1703 2613 1777 2648 AS.

130 2672 165 2708 3.
197 2672 403 2708 intrarent
433 2671 519 2716 AS3
563 2672 738 2707 intraret
771 2671 853 2712 DV,
886 2671 994 2716 quod
1023 2670 1125 2715 ferri
1151 2673 1291 2716 potest,
1325 2671 1360 2706 si
1390 2681 1484 2706 cum
1519 2681 1563 2706 ca
1600 2671 1658 2705 vel
1689 2670 1777 2706 eius

129 2732 222 2765 ante
260 2729 413 2764 lectum
454 2729 629 2766 additur.
723 2728 757 2763 6.
799 2727 1051 2774 insompniis
1098 2730 1239 2773 posset
1277 2727 1437 2773 scripsi3
1484 2727 1525 2762 in
1572 2728 1777 2773 sompniis

130 2789 302 2832 possent
334 2786 384 2829 D;
434 2786 476 2821 in
515 2785 705 2831 sompnis
745 2788 917 2830 possent
949 2785 1062 2820 VAS.
1154 2785 1235 2820 hoc
1275 2785 1404 2830 petito
1445 2784 1482 2819 S.
1575 2785 1682 2820 7-8.
1726 2785 1776 2819 ad

129 2843 224 2879 Chr.
264 2843 331 2879 fid.
371 2840 650 2890 atthraeretO)
689 2841 728 2878 S.
822 2842 883 2879 10.
928 2841 1162 2877 dormirent
1201 2842 1240 2877 S.
1333 2842 1394 2877 15.
1434 2841 1484 2876 de
1525 2852 1704 2887 sompno
1738 2841 1776 2876 S.

130 2900 270 2946 Thyra
304 2900 344 2937 S.
417 2900 479 2935 16.
511 2899 738 2935 certificate
770 2899 814 2934 V.
886 2899 948 2934 17.
983 2899 1157 2933 knutum
1192 2899 1235 2934 V.
1310 2899 1371 2934 18.
1404 2898 1665 2943 attingissent
1698 2899 1777 2933 DA.

132 2957 182 2993 20
214 2955 267 3005 (et
298 2955 486 3004 352‚12).
519 2956 741 2992 edelardus
773 2955 812 2999 S,
856 2957 994 3001 postea
1033 2966 1132 2991 corr.
1176 2955 1257 2991 alia
1299 2966 1426 2990 mann
1468 2955 1508 2990 ιἰι
1543 2955 1775 2990 edwardus.

133 3014 197 3050 21.
231 3014 387 3059 legaret
417 3024 518 3049 corr.
550 3024 600 3049 esc
630 3015 792 3059 regaret
826 3011 889 3048 D1.
951 3012 1015 3048 22.
1047 3012 1265 3058 yberniam
1300 3012 1411 3048 DAS.
1488 3011 1705 3047 dublinam
1740 3012 1778 3048 S.

132 3070 375 3106 obsiderent
405 3071 449 3106 V.
512 3071 576 3106 26.
609 3070 784 3106 iminerc
817 3069 906 3115 DV,
942 3070 1118 3105 inlinere
1150 3080 1251 3105 corr.
1283 3080 1333 3105 ex
1363 3070 1546 3105 eminere
1579 3069 1618 3104 S.

1807 992 1846 1022 10

1806 1354 1847 1384 15

1805 2079 1846 2108 25

1805 2440 1846 2470 30
