2150 3584
823 247 1179 275 Annrrmusxrvn
1745 235 1827 275 459

676 543 711 588 1.
785 542 1349 587 ADDITAMENTVM.

265 701 329 738 Ad
355 712 396 747 p.
425 701 517 746 442,
538 701 585 738 11
607 711 688 748 sqq.
738 699 823 735 Hoc
854 700 938 735 Ioco
963 700 1110 735 addere
1134 698 1236 735 milti
1265 699 1380 735 licent
1404 699 1758 734 narruliunculam
1785 699 1832 734 de

180 758 370 796 Estonica
411 757 655 794 Waldemari
693 757 946 804 expeditione
985 759 1021 793 et
1059 757 1114 792 de
1155 757 1343 792 vexillo
1376 756 1656 797 Hunorum,
1706 767 1829 802 quam

178 816 299 861 solus,
345 816 453 862 quod
483 816 622 861 sciam,
665 814 844 850 Petrus
879 813 994 849 Olai
1024 814 1205 850 seruauit
1236 814 1276 849 ιἰι
1312 812 1466 850 Collect.
1497 813 1564 859 fol.
1600 813 1677 856 (1¹9⁰,
1724 813 1831 859 quod

177 872 324 919 folium
374 874 529 919 (postea
577 873 790 916 insertum)
838 871 892 906 ud
946 870 1190 907 Waldem'ori
1236 870 1449 906 historiam
1495 871 1685 916 pertinet,
1743 881 1831 916 (111ae

177 929 246 976 fol.
281 930 333 966 70
364 929 601 966 continetur.
651 927 866 975 Lanyebelc
896 939 984 963 eam
1019 928 1060 963 in
1096 927 1345 963 »Annalibus
1378 927 1548 963 Dunicis
1571 927 1678 963 Petri
1706 926 1829 972 olai«,

180 998 279 1034 quos
313 988 437 1032 vocat,
470 987 593 1022 edidit
625 986 678 1031 (S.
704 985 749 1022 R.
775 985 822 1021 D.
849 985 877 1029 I,
908 996 947 1031 p.
981 985 1100 1031 182);
1131 995 1248 1031 quem
1282 984 1429 1020 librum
1463 995 1511 1020 ιη·
1542 984 1647 1020 notis
1680 984 1831 1030 marqi-

180 1043 345 1080 nulibus
391 1046 427 1080 et
473 1042 797 1080 interlinearibus
840 1042 994 1088 passim
1039 1053 1115 1088 per
1156 1041 1404 1078 Collectanea
1451 1042 1604 1087 sparsis
1652 1040 1830 1086 confecit.

179 1101 362 1138 Primam
403 1101 725 1137 narratiunculoe
774 1101 933 1146 purtem
976 1099 1114 1135 Petrus
1161 1110 1210 1134 ex
1249 1099 1398 1145 scripto
1444 1099 1579 1145 aliquo
1625 1099 1673 1134 de
1719 1097 1830 1134 beato

181 1158 349 1195 Nicoloo
380 1158 593 1194 Aiusiensi
636 1157 724 1204 (cfr.
765 1157 834 1194 Vit.
867 1156 1109 1192 Sanctorum
1144 1156 1359 1192 Danorum
1398 1167 1437 1202 p.
1474 1155 1570 1200 394)
1612 1156 1831 1201 sumpsisse

182 1215 347 1252 videtur.
408 1214 587 1251 Alteram
623 1217 782 1261 purtem
828 1214 892 1259 (de
925 1212 1086 1258 vexillo)
1125 1224 1383 1250 communem
1425 1212 1545 1248 habet
1575 1223 1665 1247 cum
1700 1211 1830 1248 libello

180 1273 358 1320 quodam
405 1272 475 1308 »de
506 1272 582 1308 XII
616 1271 857 1308 excellentiis
898 1271 1014 1317 reqni
1051 1270 1195 1306 Daeie«
1240 1282 1325 1307 saec.
1369 1270 1465 1306 XVI.
1507 1271 1667 1316 scripto.
1716 1270 1830 1305 cuius

180 1329 302 1366 libelli
325 1330 536 1376 exemplar
560 1329 641 1376 ipse
666 1329 705 1365 in
728 1328 882 1365 Collect.
904 1328 974 1374 fol.
998 1327 1074 1364 133
1090 1338 1173 1374 sqq.
1199 1328 1409 1374 exscripsit
1433 1327 1520 1373 (cfr.
1539 1327 1576 1363 S.
1597 1327 1640 1363 R.
1659 1327 1705 1363 D.
1731 1326 1826 1371 VIII,

176 1398 216 1434 p.
249 1386 356 1432 499).

265 1488 430 1514 MCCXIX.
477 1478 769 1515 Waldemarus
802 1477 1013 1513 secundus
1047 1487 1067 1512 a
1101 1477 1207 1512 mari
1241 1477 1469 1520 Estoniam,
1515 1486 1596 1522 que
1635 1479 1696 1511 est
1736 1486 1828 1521 pro-

181 1547 319 1583 uincia
349 1547 390 1582 in
417 1547 606 1590 Liuonia,
639 1557 734 1583 cum
768 1546 881 1581 mille
913 1546 1151 1593 quingentis
1184 1545 1365 1581 nauibus
1398 1545 1532 1590 longis
1563 1544 1829 1591 impugnauit

180 1619 218 1652 et
249 1616 434 1660 intrauit,
476 1618 515 1652 et
546 1618 641 1662 post
675 1615 802 1650 multa
837 1614 945 1650 bella
978 1625 1069 1650 eam
1103 1614 1253 1650 victam
1288 1614 1339 1649 ad
1372 1614 1585 1650 Christum
1619 1613 1829 1648 conuertit

180 1687 218 1720 et
250 1684 454 1731 populum
488 1684 693 1731 baptizari
724 1682 856 1728 iussit,
902 1686 941 1719 et
980 1683 1020 1719 in
1055 1694 1145 1719 eam
1180 1683 1297 1718 duxit
1328 1682 1568 1718 sacerdotes
1600 1681 1651 1718 de
1684 1682 1828 1726 Dania,

181 1753 529 1800 Reffualiamque,
585 1753 797 1789 ciuitatem
852 1762 964 1788 nunc
1014 1752 1259 1799 precipuam
1307 1754 1345 1787 et
1391 1752 1490 1787 satis
1537 1751 1741 1797 egregiam
1790 1753 1873 1786 et5

180 1825 335 1866 notam,
380 1822 422 1858 in
455 1833 503 1858 ea
534 1821 786 1867 construxit,
833 1821 942 1857 vnde
979 1820 1134 1857 factum
1168 1823 1240 1866 est,
1286 1823 1328 1856 vt
1360 1819 1620 1856 Reualiensis
1652 1819 1827 1855 ecclesia

180 1901 310 1937 vsque
348 1891 390 1926 in
425 1891 536 1927 hanc
567 1890 676 1926 diem
710 1889 942 1937 permansit
972 1889 1050 1925 sub
1082 1889 1404 1936 archiepiscopo
1438 1888 1570 1924 Danie
1602 1887 1828 1932 Lundensi,

179 1960 375 2007 quamuis
421 1958 654 2006 temporale
700 1958 936 1994 dominium
990 1969 1188 1994 successu
1238 1958 1442 2004 temporis
1488 1957 1730 2004 peruenerit
1775 1957 1826 1992 ad

181 2028 328 2064 fratres
375 2028 537 2064 ordinis
578 2027 938 2064 Theutonicorum
986 2028 1028 2063 in
1075 2027 1222 2063 eadem
1260 2026 1494 2074 prouincia.
1554 2025 1685 2071 Igitur
1731 2036 1826 2061 cum

178 2108 251 2133 rex
296 2097 588 2134 Waldemarus
642 2106 736 2132 cum
791 2097 1001 2132 excercitu
1047 2098 1203 2132 terram
1250 2096 1291 2131 in
1340 2094 1511 2132 Estonia
1558 2094 1827 2139 ascendisset,
1855 2099 1896 2130 10

179 2166 324 2202 territo
378 2166 429 2202 de
475 2164 743 2201 multitudine
788 2165 1004 2211 gentilium
1052 2165 1278 2211 episcopus
1325 2163 1562 2199 Arusiensis
1610 2163 1730 2207 dixit,
1787 2166 1829 2198 vt

179 2234 443 2281 promitteret
484 2244 528 2270 se
567 2233 791 2269 emendare
833 2242 928 2280 erga
968 2233 1160 2269 subditos
1201 2243 1301 2268 suos
1334 2235 1372 2268 et
1403 2232 1571 2268 beatum
1606 2231 1826 2267 Nicolaum

178 2302 451 2348 Arusiensem,
481 2302 602 2339 cuius
634 2301 877 2338 oblaciones
903 2302 983 2337 sibi
1007 2301 1318 2350 vendicauerat,
1351 2301 1384 2336 si
1412 2300 1586 2336 victoria
1611 2300 1828 2346 potiretur.

179 2371 294 2408 Idem
331 2371 463 2408 suasit
493 2371 530 2407 ei
561 2370 813 2407 venerabilis
845 2371 1044 2416 Andreas,
1090 2370 1438 2416 archiepiscopus
1472 2368 1720 2412 Lundensis,
1765 2369 1830 2404 vir

179 2440 284 2476 mire
315 2439 595 2487 simplicitatis
627 2441 666 2475 et
697 2439 954 2485 innocencie,
1003 2439 1076 2486 qui
1114 2442 1198 2474 tam
1239 2439 1281 2474 in
1320 2438 1402 2474 vita
1444 2448 1570 2484 quam
1612 2437 1654 2473 in
1695 2440 1829 2473 morte
1857 2443 1897 2474 15

180 2509 323 2545 multis
362 2508 513 2545 claruit
553 2507 789 2553 miraculis,
835 2508 990 2554 quibus
1032 2518 1104 2543 rex
1136 2506 1411 2543 consenciens
1444 2506 1497 2541 ita
1532 2505 1647 2541 vouit
1679 2508 1718 2541 et
1750 2506 1830 2541 vic-

179 2577 332 2613 toriam
372 2576 566 2613 obtinuit.
628 2575 901 2622 Archipresul
944 2576 1081 2622 igitur,
1126 2575 1372 2611 conuocatis
1412 2574 1689 2620 magnatibus,
1735 2574 1832 2610 fecit

180 2656 252 2682 eos
283 2636 469 2689 voueres
495 2647 536 2680 vt
577 2645 697 2691 pueri
739 2644 986 2680 duodennes
1018 2647 1057 2680 et
1088 2655 1217 2690 supra
1250 2643 1430 2689 vigiliam
1464 2642 1574 2678 beati
1608 2642 1829 2678 Laurencii

180 2714 417 2750 ieiunarent
456 2713 498 2749 in
538 2724 646 2760 pane
678 2715 717 2749 et
748 2724 857 2759 aqua
891 2712 1217 2759 imperpetuum,
1263 2712 1296 2748 si
1329 2712 1549 2748 victoriam
1581 2711 1830 2747 obtinerent.

181 2782 393 2818 Inuocatis
425 2781 551 2827 igitur
576 2781 709 2817 beatis
728 2781 962 2817 Laurencio
988 2784 1027 2816 et
1047 2781 1218 2816 Nicolao
1251 2781 1524 2816 commissum
1558 2782 1619 2815 est
1650 2779 1828 2825 prelium
1856 2786 1899 2817 20

266 2877 412 2913 Adnot.
457 2877 542 2913 crit.
628 2876 689 2912 13.
737 2888 835 2912 arus
882 2876 938 2919 O,
985 2876 1151 2912 correxi.
1246 2876 1408 2911 15—16.
1455 2875 1829 2921 qui..miraculis:

182 2944 386 2980 nusquam
419 2933 527 2979 alibi,
562 2933 670 2980 quod
700 2934 839 2978 seiam,
872 2932 948 2969 hoc
978 2933 1026 2969 de
1055 2932 1219 2969 Andrea
1252 2934 1471 2976 narratur,·
1518 2934 1668 2977 auctor,
1711 2942 1828 2977 quem

180 2991 322 3027 Petrus
341 2989 431 3026 Olai
454 2992 610 3026 secutus
627 2993 693 3035 est,
720 2990 855 3036 potius
873 2989 958 3026 Iioec
974 2989 1022 3026 de
1038 2989 1206 3026 Nicolao
1223 2990 1372 3025 diaeisse
1390 2989 1565 3033 videtum
1596 2989 1664 3024 sed
1678 3000 1829 3035 parum

182 3049 273 3094 apte
304 3047 422 3083 verba
455 3048 496 3084 in
531 3059 562 3084 υ.
592 3047 640 3083 13
667 3049 759 3094 post
785 3048 1052 3083 Arusiensem
1087 3048 1422 3092 transponuntur.
1488 3046 1650 3082 18—19.
1685 3046 1760 3092 vig.
1793 3046 1829 3082 b.

183 3105 225 3140 L.
257 3104 512 3141 ieiunarent:
544 3103 615 3150 cfr.
647 3104 833 3140 narratio
861 3115 900 3150 p.
934 3103 1026 3149 393,
1046 3104 1094 3140 21
1113 3114 1216 3151 seqq.
