2150 3584
587 193 880 222 COMPENDIVM
914 194 1111 224 sAxoms.
1162 197 1243 225 Lm.
1279 198 1303 226 x
1679 190 1761 230 369

114 304 160 345 in
178 305 388 358 Angliam
422 305 665 359 profectus,
697 308 809 348 dum
842 308 997 349 onmia
1030 309 1091 349 ibi
1120 315 1277 363 pacata
1306 324 1384 364 per
1409 313 1754 365 prouidenciam

114 376 350 419 Swenonis
377 378 639 431 inuenisset,
667 380 983 433 Ethwaldum,
1018 382 1199 422 fratrem
1227 396 1361 424 suum
1396 398 1447 425 ex
1474 390 1630 437 matre,
1656 399 1759 427 con-

113 449 256 491 stituit
286 450 333 491 in
366 451 525 503 Anglia
558 463 708 505 regem
742 465 910 493 secum.
976 454 1091 494 Nam
1126 455 1306 507 Ynima‚
1347 462 1489 498 mater
1521 470 1617 509 sua,
1658 463 1760 511 post

111 522 398 563 connubium
446 524 586 577 patris
628 525 698 564 sui
740 525 896 578 nupsit
929 525 1191 578 Ethwardo‚
1240 529 1529 570 nobilissimo
1563 531 1756 584 principi

111 595 376 648 Anglorum,
418 596 491 637 cui
531 601 572 637 et
603 597 758 649 genuit
790 598 915 638 hunc
948 598 1262 651 Ethwardum,
1304 602 1380 654 qui
1420 602 1571 643 obtusi
1605 603 1755 643 cordis
1784 612 1802 642 5

111 671 153 709 et
182 667 305 710 iners
337 673 443 710 erat.
506 670 714 710 Kanutus
756 674 923 723 autem,
970 671 1081 711 dum
1115 672 1298 712 duobus
1337 674 1470 714 annis
1511 679 1756 727 regnasset,

111 743 321 782 mortuus
353 745 431 782 est.

194 813 356 855 XVIII.
403 814 606 855 Audiens
635 815 866 868 Magnus
896 816 1130 856 Kanutum
1150 821 1399 870 mortuum,
1426 831 1603 860 memor
1620 820 1754 873 pacti,

108 887 232 941 quod
265 899 420 927 secum
453 887 690 939 habuerat,
722 888 846 929 venit
877 888 924 929 in
951 888 1141 929 Daciam
1169 901 1452 944 regnumque
1480 891 1621 932 Danis
1651 904 1755 933 con-

108 958 417 1001 sencientibus
456 959 713 1013 occupauit.
776 960 938 1002 Sweno
971 961 1131 1014 eciam,
1172 962 1218 1002 in
1250 963 1410 1014 Anglia
1453 964 1619 1004 relictis
1659 977 1754 1018 pre·
1782 974 1821 1004 10

107 1031 249 1085 sidiis,
297 1032 488 1072 Daciam
535 1032 736 1086 intrauit,
793 1033 949 1074 dicens
997 1034 1084 1074 sibi
1130 1045 1320 1086 regnum
1369 1035 1523 1076 deberi
1570 1037 1753 1077 racione

107 1104 536 1157 consanguinitati83
584 1106 661 1146 sed
696 1106 815 1146 Dani
856 1110 1040 1160 propter
1079 1106 1405 1160 iuramentum,
1452 1109 1574 1162 quod
1617 1123 1754 1163 super

106 1180 239 1230 pacto
271 1177 388 1218 inter
408 1177 641 1218 Kanutum
674 1182 716 1219 et
735 1179 953 1231 Magnum
980 1179 1192 1231 fecerant,
1226 1179 1264 1219 ei
1292 1179 1567 1233 restiterunt,
1587 1182 1752 1234 Magno

104 1250 395 1300 adherentes;
443 1250 508 1291 sic
547 1254 732 1304 propter
771 1251 1097 1292 iusiurandum
1130 1238 1444 1306 <seruandum>
1484 1257 1751 1295 extraneum

104 1325 391 1376 acceptantes
443 1324 682 1377 proprium
734 1324 1005 1376 sanguinem
1062 1324 1237 1376 regium
1292 1325 1586 1379 reliquerunt.
1664 1327 1750 1368 Sed
1778 1337 1818 1367 15

104 1389 325 1449 quantam
358 1395 496 1436 fidem
525 1396 718 1449 Magnus
750 1397 928 1438 inuenit
958 1397 1004 1437 in
1035 1396 1192 1449 Danis,
1223 1401 1398 1438 tantam
1431 1398 1671 1451 perfidiam
1704 1399 1750 1439 in

103 1468 301 1521 Anglicis
335 1468 498 1509 Sweno
530 1473 597 1509 est
628 1474 852 1523 expertus.
902 1470 1020 1511 Nam
1052 1469 1211 1523 sororij
1247 1469 1358 1521 eius,
1391 1469 1470 1523 filij
1495 1471 1749 1524 Godowini,

103 1541 158 1581 de
204 1540 372 1594 quibus
419 1541 564 1593 magis
605 1542 880 1596 confidebat,
927 1542 1120 1583 consilio
1167 1554 1272 1582 cum
1318 1542 1544 1594 indigenis
1591 1544 1748 1585 habito

102 1625 263 1654 omnes
310 1613 468 1655 Danos
523 1614 882 1669 circumquaque
936 1616 1109 1668 positos
1156 1627 1245 1655 vna
1291 1618 1424 1655 nocte
1481 1629 1561 1669 per
1606 1620 1746 1657 totam

101 1689 269 1726 terram
316 1686 463 1727 occidi
509 1688 839 1740 procurabant3
887 1691 929 1728 et
975 1701 1028 1728 ex
1075 1700 1126 1729 eo
1172 1691 1378 1740 tempore
1423 1700 1567 1743 Vsque
1609 1689 1747 1729 modo
1774 1698 1816 1729 20

102 1771 341 1812 nunquam
389 1760 507 1800 Dani
555 1759 764 1812 Angliam
811 1764 1212 1814 recuperauerunt.
1291 1761 1522 1801 Haraldus
1578 1765 1746 1813 autem,

99 1830 246 1871 maior
277 1830 399 1872 filius
428 1832 683 1881 Godowini,
715 1836 858 1873 totam
876 1833 1086 1885 Angliam
1120 1833 1370 1886 optinebat,
1404 1833 1590 1874 nomine
1622 1834 1745 1886 regio

97 1907 275 1944 tantum
308 1905 432 1957 apud
458 1905 759 1945 Ethwardum
791 1909 1074 1955 remanente3
1108 1906 1186 1946 sed
1212 1917 1317 1946 cum
1339 1906 1567 1946 Haraldus
1601 1906 1745 1946 eciam

97 1989 266 2017 nomen
298 1977 414 2029 regis
447 1975 691 2029 affectaret,
725 1978 1025 2018 Ethwardum
1059 1977 1205 2018 occidi
1238 1977 1517 2031 procurauit.

181 2048 298 2090 XIX.
348 2049 522 2091 Interea
570 2049 746 2102 Sweno‚
792 2049 895 2090 licet
937 2062 1111 2103 paucos
1154 2049 1302 2090 socios
1344 2050 1544 2102 haberet,
1590 2054 1744 2091 tamen
1771 2060 1813 2090 25

95 2122 276 2162 fortune
309 2135 355 2163 se
386 2122 693 2174 committens,
726 2135 831 2163 cum
867 2123 1032 2174 Magno
1062 2122 1231 2162 bellare
1256 2122 1470 2163 decreuit.
1519 2122 1604 2163 Sed
1638 2135 1743 2163 cum

95 2207 122 2235 a
154 2195 319 2247 Magno
353 2194 399 2235 in
416 2194 549 2235 ,Iucia
572 2198 666 2235 tam
692 2195 848 2235 nauali
866 2195 986 2236 bello
1013 2208 1153 2248 quam
1178 2194 1377 2235 terrestri
1401 2195 1546 2235 victus
1572 2195 1743 2246 fuisset,

95 2266 142 2307 in
175 2266 396 2308 Feoniam
429 2267 652 2320 confugit3
685 2267 845 2309 videns
878 2271 1032 2308 autem
1065 2280 1111 2307 se
1144 2266 1314 2307 auxilio
1348 2267 1631 2317 destitutum,
1664 2280 1744 2320 per

183 2365 216 2401 1.
255 2366 313 2401 ibi
352 2376 431 2402 om.
462 2366 516 2411 V;
563 2366 663 2401 dum
703 2365 761 2401 ibi
793 2366 934 2401 omnia
967 2362 1164 2413 paratae)
1193 2364 1271 2401 AS.
1364 2365 1398 2400 2.
1432 2364 1662 2401 etwardum
1697 2365 1743 2409 D,

94 2424 132 2458 et
158 2422 216 2458 sic
244 2423 392 2469 soepius
424 2422 465 2458 in
498 2423 610 2459 codd.
699 2423 733 2460 3.
775 2434 870 2469 yma
902 2422 1013 2459 codd.
1104 2421 1214 2458 344.
1255 2425 1350 2468 post
1381 2432 1502 2457 conn.
1535 2425 1630 2458 etc.:
1677 2421 1743 2457 hic

93 2489 209 2515 error
245 2479 502 2526 epitomatori
539 2479 711 2516 debetur.
803 2481 838 2517 4.
884 2481 949 2516 sui
988 2490 1065 2515 om.
1107 2479 1151 2515 A.
1243 2480 1279 2515 5.
1328 2479 1400 2525 qui
1441 2483 1479 2514 ct
1520 2479 1661 2525 genuit
1702 2479 1741 2515 S.

94 2536 130 2573 6.
161 2546 257 2573 cum
287 2534 384 2586 (pro
415 2535 531 2585 dum)
562 2537 607 2573 V.
648 2558 687 2562 —
732 2538 766 2574 8.
798 2537 1011 2583 Inscriptio
1043 2537 1084 2572 in
1120 2537 1172 2571 D:
1220 2536 1393 2582 Magnus
1428 2535 1567 2583 799(!);
1615 2536 1655 2571 in
1689 2536 1740 2572 A:

94 2594 154 2630 De
199 2594 308 2640 Rege
353 2594 513 2641 Magno.
560 2594 646 2630 filio
693 2594 826 2630 sancti
870 2594 991 2630 Olaui
1038 2593 1089 2629 de
1137 2593 1375 2639 Norwegia‚
1433 2595 1468 2628 el
1514 2593 1553 2628 in
1603 2603 1739 2639 mat-9:

91 2660 154 2688 xc.
194 2651 362 2698 Magens
399 2655 542 2688 sancte
573 2651 706 2687 olleffs
741 2653 818 2688 son.
866 2673 907 2676 —
957 2652 1018 2687 12.
1051 2661 1127 2697 per
1156 2649 1195 2698 (p
1228 2660 1304 2696 pro
1335 2662 1385 2697 pp
1408 2665 1451 2680 z
1475 2647 1663 2697 propter)
1694 2650 1738 2686 V.

95 2708 157 2745 13.
189 2707 378 2744 fecerunt
405 2708 445 2745 S.
522 2709 558 2745 ei
590 2719 669 2744 om.
686 2709 732 2745 V.
798 2709 859 2744 14.
891 2708 1148 2744 seruandum
1181 2706 1332 2752 addidi,
1365 2717 1416 2742 ne
1439 2717 1609 2753 prorsus
1634 2706 1737 2742 idem

92 2764 152 2801 bis
195 2765 347 2801 dictum
393 2766 464 2810 sit,·
510 2766 582 2812 cfr.
630 2765 750 2801 etiam
795 2765 970 2802 Saxonis
1016 2763 1145 2800 verba.
1238 2764 1299 2800 15.
1339 2764 1498 2810 regium
1541 2774 1619 2799 om.
1658 2763 1735 2799 AS.

96 2822 157 2859 17.
189 2824 250 2858 est
281 2821 525 2872 repertus(!)
556 2823 596 2859 S.
671 2823 834 2858 soi-orei
866 2823 917 2868 A3
949 2821 1087 2858 sorori
1120 2821 1198 2860 DS.
1275 2821 1364 2856 eius
1397 2831 1473 2857 om.
1506 2822 1550 2856 A.
1624 2820 1737 2866 godi-

91 2879 190 2915 wini
237 2878 265 2915 S
310 2877 391 2928 (22.
439 2877 646 2927 godwini).
737 2880 800 2916 21.
848 2881 1204 2925 recuperauerant
1245 2879 1298 2922 A;
1343 2877 1650 2924 recuperabant
1696 2877 1735 2913 S.

93 2936 140 2972 H.
172 2937 303 2972 eciam
329 2936 404 2973 AS.
467 2937 530 2973 22.
564 2937 698 2972 maior
729 2940 829 2972 natu
853 2936 953 2972 God.
977 2937 1020 2971 A.
1096 2935 1311 2981 optinebat
1335 2935 1379 2971 D.
1442 2935 1506 2971 27.
1532 2934 1660 2970 nauili
1687 2934 1735 2975 S;

91 2996 175 3029 tam
222 2993 363 3029 nauali
409 3005 536 3040 quam
583 2997 656 3030 ter.
706 2993 815 3029 bello
863 2996 1085 3039 superatus
1131 2993 1175 3028 A.
1275 2992 1339 3027 28.
1387 2992 1611 3038 pheoniam
1659 2991 1735 3027 AS.

90 3049 195 3096 fugit
226 3049 267 3086 S.
341 3051 496 3087 auxilio
529 3061 573 3086 se
604 3050 690 3095 AS3
722 3061 765 3086 se
796 3061 873 3086 om.
908 3050 990 3085 DV.
