2150 3584
252 976 292 1006 10

185 1338 290 1368 ‘15

247 2061 289 2091 25

322 195 404 234 428
664 206 939 236 SCRIPTORES
971 206 1197 236 HISTORIAE
1228 206 1405 235 DANICAE
1437 207 1635 237 MINORES

321 319 584 370 admonent,
617 323 662 360 vt
694 321 751 360 ad
782 323 905 360 tante
936 320 1072 360 molis
1104 319 1287 360 ruinam
1319 324 1450 361 caute
1483 333 1530 361 se
1559 326 1728 373 gerant,
1760 336 1816 363 ne
1842 326 1967 364 tanto

321 391 522 442 pondere
555 391 761 444 oppressi
794 404 935 444 penas
966 405 1048 445 pro
1073 392 1324 432 temeritate
1347 393 1486 433 luisse
1511 393 1764 435 videantur.
1814 394 1969 435 Stabat

320 468 472 503 autem
506 463 551 503 in
585 463 777 504 circuitu
810 463 970 515 ingens
1002 464 1248 504 multitudo
1282 464 1470 516 ciuium,
1503 466 1807 518 sperancium,
1844 468 1968 520 quod

320 535 511 588 ydolum
545 548 591 576 se
624 535 856 576 vindicare
888 536 1083 576 deberet.
1137 536 1276 587 Igitur
1308 537 1431 577 tibiis
1465 541 1610 578 statue
1643 538 1829 590 precisis
1862 551 1965 579 cum

320 618 487 659 magno
534 607 711 660 fragore
757 608 920 648 cecidit
965 620 1102 660 super
1140 612 1329 659 terram;
1375 613 1485 650 tunc
1527 610 1695 650 demon
1735 610 1782 650 in
1822 610 1969 662 figura

319 679 538 719 horrendi
569 680 783 720 animalis
812 680 935 720 visus
962 684 1026 720 est
1054 680 1173 720 exire
1199 681 1443 735 subitoque
1469 682 1705 735 disparuit.
1755 682 1968 722 Extracto

318 755 471 791 autem
512 752 650 804 ydolo
684 765 789 793 cum
823 752 1011 793 funibus
1044 756 1165 793 extra
1199 753 1358 794 vrbem
1392 754 1624 794 concurrit
1655 754 1877 794 exercitus
1909 753 1967 794 ad

319 823 591 873 videndum3
644 837 830 877 vespere
884 829 1037 865 autem
1091 824 1209 866 facto
1266 826 1519 880 coquinarij
1576 839 1681 867 cum
1730 826 1969 867 securibus

320 895 533 936 minutim
576 897 767 949 ydolum
800 897 1057 937 diuiserunt
1088 910 1170 950 pro
1203 898 1387 938 cibariis
1420 898 1742 952 decoquendis.
1807 898 1967 940 Clerici

319 972 471 1008 autem
512 969 774 1021 principum
819 969 863 1008 in
897 969 1056 1009 vrbem
1090 969 1219 1010 missi
1251 974 1370 1022 sunt,
1418 970 1495 1024 qui
1528 970 1826 1011 christianam
1869 971 1968 1010 reli-

318 1039 499 1091 gionem
534 1041 760 1094 populum
794 1042 1048 1082 edocerent.

404 1113 561 1153 XXIV.
648 1113 782 1154 Ciues
836 1117 990 1153 autem
1047 1114 1102 1154 de
1151 1114 1373 1156 Karencia
1427 1115 1542 1155 adeo
1597 1114 1738 1155 territi
1784 1114 1970 1155 fuerunt

318 1188 503 1237 propter
549 1186 817 1239 capcionem
863 1185 988 1226 vrbis
1034 1186 1338 1239 Arkonensis,
1395 1192 1440 1228 vt
1485 1200 1567 1240 pro
1614 1200 1726 1240 pace
1772 1187 1968 1240 petenda

318 1261 480 1310 sponte
520 1258 613 1310 regi
656 1258 908 1298 obuiarent.
970 1258 1175 1298 Absolon
1215 1263 1383 1311 autem,
1430 1272 1455 1299 a
1498 1270 1598 1311 rege
1631 1259 1813 1311 missus,
1861 1271 1966 1300 cum

318 1329 477 1382 paucis
519 1330 654 1370 sociis
692 1331 883 1371 accessit
922 1331 979 1370 ad
1022 1331 1195 1383 vrbem,
1242 1336 1481 1385 assumpto
1520 1332 1576 1382 de
1623 1331 1968 1372 occurrentibus

319 1402 417 1442 solo
448 1402 661 1443 Jarmaro
694 1401 843 1453 (ceteri
876 1415 982 1443 cum
1016 1414 1117 1455 rege
1148 1404 1502 1456 remanserunt);
1550 1403 1624 1444 cui
1662 1405 1718 1444 de
1751 1404 1859 1444 vrbe
1892 1416 1969 1444 sex

317 1474 459 1514 millia
508 1478 791 1515 armatorum
839 1479 1138 1515 occurrerunt
1184 1475 1315 1529 eique
1361 1487 1507 1528 genua
1556 1476 1791 1517 flexerunt.
1874 1476 1969 1516 Hec

317 1546 422 1586 vrbs
470 1546 613 1586 eciam
661 1547 794 1587 valde
842 1546 1031 1587 firmiter
1078 1547 1243 1587 situata
1290 1533 1440 1601 (erat),
1487 1548 1565 1587 sed
1606 1548 1745 1588 nimis
1784 1547 1966 1601 spissim

317 1617 477 1670 positis
539 1618 729 1658 edificiis
785 1620 1033 1672 completa,
1094 1620 1155 1659 ita
1211 1621 1334 1673 quod
1390 1633 1443 1660 ex
1497 1624 1602 1660 nata
1665 1619 1968 1660 immundicia

319 1689 507 1730 nociuus
554 1690 669 1731 fetor
715 1691 935 1732 exalabat.
1015 1692 1064 1732 ln
1113 1692 1201 1733 hac
1245 1692 1355 1733 vrbe
1402 1696 1531 1733 erant
1574 1692 1659 1732 tria
1706 1694 1873 1746 phana,
1922 1693 1967 1732 in

317 1775 515 1816 quorum
558 1763 731 1804 maiore
772 1768 866 1804 erat
902 1764 1094 1817 ydolum
1127 1765 1182 1805 de
1214 1777 1386 1818 quercu
1419 1765 1605 1817 factum,
1653 1766 1773 1818 quod
1810 1765 1968 1817 Rugie-

317 1834 465 1874 uitum
498 1836 737 1876 vocabant.
788 1836 838 1876 In
869 1836 1001 1877 cuius
1034 1837 1180 1889 capite
1213 1841 1342 1877 erant
1373 1841 1545 1890 septem
1579 1837 1717 1878 facies
1750 1838 1966 1889 humane,

317 1919 403 1959 que
437 1920 597 1947 omnes
628 1920 720 1948 vno
754 1909 918 1949 vertice
952 1909 1297 1961 claudebantur,
1330 1910 1612 1962 totidemque
1636 1923 1768 1950 veros
1793 1909 1968 1962 gladios

316 1978 363 2018 in
395 1979 569 2030 vaginis
603 1979 680 2020 vni
713 1980 896 2032 cingulo
929 1982 986 2020 ad
1019 1982 1138 2021 latus
1170 1994 1400 2035 appensos
1428 1982 1641 2034 habebat,
1674 1986 1891 2022 octauum
1921 1981 1967 2021 in

318 2051 475 2091 dextra
523 2052 785 2092 destrictum
831 2053 1036 2103 tenebat3
1093 2057 1188 2094 erat
1233 2058 1386 2095 autem
1433 2057 1556 2094 tante
1602 2054 1877 2106 altitudinis,
1923 2057 1970 2094 vt

409 2146 438 2181 1.
483 2149 681 2182 amonent
728 2147 767 2182 S.
857 2147 909 2182 ad
956 2151 1069 2183 tante
1116 2159 1167 2184 m.
1215 2148 1381 2184 ruinam
1426 2149 1460 2183 V
1508 2149 1750 2193 (aduersum
1793 2158 1871 2193 pro
1917 2148 1969 2183 ad

315 2201 458 2247 Saxo),
505 2203 683 2239 addente
723 2215 773 2240 m.
818 2206 940 2240 ruina
972 2206 1024 2250 A3
1071 2206 1294 2250 cadentem
1335 2217 1385 2241 m.
1427 2206 1548 2241 ruina
1582 2206 1620 2242 S.
1714 2205 1822 2241 1-2.
1856 2207 1969 2240 tanta

318 2259 504 2303 pondere
523 2260 565 2295 A.
629 2261 664 2297 2.
699 2262 915 2307 opressiv
945 2262 1015 2306 (sic
1038 2263 1208 2308 soepius).
1286 2263 1537 2298 videbantur
1553 2263 1598 2299 V.
1673 2262 1903 2307 Vacabato)
1927 2262 1970 2297 A.

319 2315 352 2351 3.
385 2316 541 2352 ciuium
576 2319 844 2363 sperancium
878 2319 993 2364 quod
1027 2319 1082 2364 V3
1129 2320 1285 2355 ciuium
1327 2320 1615 2366 spectancium
1648 2330 1729 2366 que
1762 2319 1812 2364 S;
1861 2324 1970 2355 annu

317 2374 551 2420 spacififflm)
569 2375 614 2418 A,
641 2377 685 2410 ut
709 2375 784 2411 uid.
848 2376 883 2411 4.
911 2376 944 2411 si
971 2376 1082 2413 vind.
1109 2376 1200 2415 deb.
1221 2376 1260 2413 S.
1334 2377 1518 2423 prescisis
1537 2377 1576 2413 S.
1639 2378 1672 2413 6.
1699 2377 1912 2412 horrenda
1930 2376 1970 2412 S.

315 2430 508 2466 animalis
540 2431 659 2477 Saxo,
701 2432 885 2478 idemque
916 2433 1123 2479 siqnificat
1151 2434 1439 2480 compendium
1473 2431 1544 2470 alis
1576 2435 1610 2469 V
1641 2433 1808 2480 (aliquis
1842 2434 1972 2480 inepte

316 2486 543 2534 LunyebeR,
577 2489 646 2524 sed
676 2489 753 2525 hoe
783 2490 975 2526 scribitur
1004 2487 1097 2536 ais);
1143 2501 1221 2526 om.
1253 2490 1330 2527 AS.
1415 2492 1475 2527 12.
1509 2491 1560 2526 de
1591 2491 1787 2526 karencia
1821 2492 1875 2537 V;
1921 2491 1971 2526 de

315 2544 521 2580 clarencia
565 2546 612 2590 83
659 2546 709 2582 de
757 2546 992 2593 dampnoit)
1037 2549 1081 2583 A.
1174 2548 1235 2584 13.
1283 2548 1398 2584 vrbis
1440 2548 1716 2584 archonensis
1761 2547 1808 2593 S3
1857 2548 1971 2583 vrbis

315 2601 503 2637 arkanofi
531 2603 584 2647 V,
618 2603 732 2639 vrbis
765 2607 1106 2649 conuenerunt(!)
1133 2605 1176 2641 A.
1252 2605 1420 2651 petendi
1445 2607 1490 2642 A.
1558 2606 1618 2641 16.
1652 2608 1896 2640 manserunt
1927 2605 1970 2640 A.

318 2658 481 2695 1647.
515 2670 586 2695 sex
619 2660 748 2695 millia
781 2662 835 2705 A3
884 2671 982 2697 VLM.
1018 2662 1094 2698 VS.
1184 2662 1247 2698 18.
1282 2666 1382 2707 erat,
1423 2662 1496 2698 sed
1530 2662 1655 2697 nimis
1687 2661 1851 2708 scrip8i3
1897 2662 1969 2697 sed

315 2715 440 2751 nimis
459 2717 515 2760 V,
548 2717 660 2762 quod
690 2718 813 2753 nimis
832 2719 885 2763 A;
919 2722 1008 2754 erat
1032 2719 1242 2766 nimisque
1261 2719 1300 2755 S.
1374 2720 1555 2766 spissym
1574 2720 1618 2755 A.
1684 2719 1744 2755 19.
1770 2719 1912 2754 innata
1931 2718 1970 2754 S.

316 2772 377 2806 20.
407 2773 584 2809 nociuus
609 2775 754 2820 scripsi
775 2777 838 2818 (ex
854 2775 1032 2812 Saxone:
1066 2776 1203 2812 foetor
1228 2787 1409 2823 corpora
1436 2775 1686 2821 cruciabat);
1715 2776 1869 2811 nimius
1888 2775 1972 2819 VS;

317 2829 439 2865 nimis
473 2831 516 2865 A.
594 2831 658 2867 21.
693 2843 874 2878 quarum
908 2833 953 2869 A.
1032 2834 1147 2879 rugie
1182 2833 1309 2869 vitum
1347 2834 1400 2876 νς
1447 2834 1564 2880 rugia
1590 2833 1630 2878 S,
1677 2832 1746 2868 sed
1773 2835 1867 2878 post
1897 2832 1972 2868 hoc

316 2885 444 2921 vitum
479 2898 510 2922 s.
542 2899 573 2923 u.
606 2889 697 2924 add.
724 2888 788 2933 813
822 2891 963 2935 rugiae
996 2890 1080 2926 vitu
1106 2891 1151 2934 A,
1183 2890 1291 2936 quod
1324 2890 1522 2926 recentior
1553 2900 1701 2926 manus
1734 2889 1773 2925 in
1809 2889 1972 2935 rugiani

315 2942 444 2978 vitum
477 2944 679 2990 corri9e1·e
711 2946 882 2981 uoluisse
916 2947 1081 2982 uidetur.
1159 2947 1223 2982 23.
1259 2958 1381 2983 veros
1413 2958 1492 2983 om.
1528 2947 1568 2982 S.
1636 2947 1698 2982 24.
1736 2946 1891 2992 singulo
1924 2946 1969 2983 V.

314 3009 525 3044 appensos
557 3002 608 3036 ad
642 3001 750 3038 latus
784 3003 862 3039 AS.
942 3004 1005 3039 25.
1036 3004 1206 3040 dextera
1239 3004 1284 3041 A.
1361 3004 1606 3040 destrictum
1641 3004 1772 3046 Sux03
1812 3004 1973 3039 distric-

315 3058 399 3090 tum
434 3057 544 3092 codd.
