2150 3584
528 231 822 261 COMPENmVM
856 232 1055 261 SAxoms.
1105 233 1339 263 Prionocvs
1675 225 1755 264 217

111 345 342 400 pleuitque
382 349 527 386 totum
568 358 685 399 opus
718 358 854 386 suum
887 345 931 385 in
968 346 1096 386 ‚XVL
1132 346 1258 386 libris
1292 348 1571 400 parcialibus
1604 362 1757 389 conse-

109 422 311 473 quenter.
374 417 458 458 Sed
497 418 603 472 quia
638 431 755 471 opus
788 431 923 458 suurn
957 418 1176 458 diffusum
1212 423 1276 459 est
1311 419 1354 459 in
1390 420 1599 472 pluribus
1633 421 1757 469 locis,

111 490 344 543 multaque
400 490 616 530 dicuntur
672 490 816 543 magis
872 494 1056 543 propter
1111 495 1325 531 ornatum
1382 505 1519 544 quam
1577 497 1758 545 propter

108 562 341 603 veritatem
397 562 598 615 hystorie
654 563 1047 616 prosequendam,
1110 562 1297 616 insuper
1357 568 1398 604 et
1460 565 1589 604 stilus
1648 579 1758 605 suus

109 634 304 675 nimium
352 634 577 675 obscurus
616 639 681 675 est
724 639 908 688 propter
947 634 1144 687 plurima
1190 636 1413 676 vocabula
1458 641 1498 677 et
1547 643 1755 690 poemata
1785 646 1803 675 5

108 707 289 760 diuersa
332 707 553 748 moderno
598 711 803 760 tempore
849 707 1133 758 inconsueta,
1181 707 1283 748 ideo
1331 709 1417 749 hoc
1466 711 1757 762 opusculum,

107 783 368 832 excerptum
417 780 472 819 de
518 779 610 831 illo,
659 779 788 832 ponit
825 779 980 832 ‚planis
1019 779 1170 820 verbis
1211 781 1483 822 notabiliora
1531 786 1650 832 gesta
1695 783 1755 822 ibi

106 851 346 904 descripta,
395 863 498 892 cum
541 851 783 892 addicione
822 851 1100 905 aliquorum,
1150 865 1237 905 que
1280 857 1382 905 post
1425 854 1596 894 dictum
1640 867 1757 908 opus

106 922 278 964 editum
312 923 589 965 acciderunt,

584 1085 660 1124 EX
697 1084 984 1126 PROLOGO
1018 1084 1284 1126 SAXONIS.
1784 1096 1824 1126 10

203 1157 457 1234 Danicam
517 1191 749 1244 regionem
812 1192 1062 1245 aliquando
1125 1191 1265 1232 fuisse
1317 1192 1619 1233 inhabitatam
1678 1207 1756 1246 per

104 1268 320 1317 gygantes
361 1264 615 1304 ostenditur
651 1277 731 1317 per
770 1277 875 1304 saxa
918 1264 1107 1316 grandia
1141 1268 1287 1304 erecta
1329 1278 1466 1318 super
1512 1266 1754 1318 sepulchra

104 1336 414 1390 antiquorum,
460 1349 619 1389 ymmo
660 1337 878 1377 translata
922 1349 1059 1389 supra
1092 1336 1334 1377 cacumina
1368 1337 1619 1389 moncium,
1667 1351 1754 1391 que

103 1409 161 1449 ab
200 1402 363 1450 'vsitato
406 1412 573 1449 conatu
612 1409 805 1449 humani
845 1409 1023 1449 roboris
1056 1408 1130 1449 vix
1162 1413 1239 1448 aut
1273 1409 1544 1450 nullomodo
1577 1411 1753 1451 moueri

104 1485 298 1534 possunt
337 1494 473 1534 super
513 1481 717 1534 planum.
781 1481 927 1521 Tanta
966 1485 1119 1521 autem
1153 1481 1394 1533 diligencia
1428 1487 1521 1522 erat
1553 1470 1753 1536 antiquis
1782 1492 1821 1522 15

104 1553 390 1607 relinquendi
416 1553 533 1594 facta
562 1566 643 1594 sua
672 1553 891 1594 notabilia
917 1553 1084 1594 noticie
1111 1557 1414 1606 posterorum,
1446 1558 1505 1607 vt,
1538 1555 1753 1609 quamuis

104 1638 195 1665 non
238 1625 457 1666 haberent
497 1626 716 1679 periciam
756 1626 1009 1666 litterarum
1044 1626 1313 1666 Latinarum
1356 1639 1439 1679 pro
1482 1627 1610 1667 libris
1649 1627 1752 1667 scri-

104 1698 278 1749 bendis,
302 1698 461 1738 litteris
486 1702 640 1739 tamen
667 1699 825 1752 patriis
853 1702 894 1739 et
919 1698 1227 1738 caracteribus
1253 1698 1299 1738 in
1327 1699 1505 1750 magnis
1523 1699 1752 1752 lapidibus

103 1770 362 1823 sculperent
392 1774 513 1823 gesta
548 1784 642 1812 sua.

189 1843 239 1883 In
281 1843 460 1895 regione
500 1847 652 1884 autem
688 1844 833 1884 Danie
872 1843 1022 1896 primo
1063 1843 1261 1884 occurrit
1291 1843 1438 1895 Jueia,
1486 1857 1587 1897 que,
1636 1844 1750 1884 sieut
1779 1855 1820 1885 20

103 1915 337 1968 posicione
378 1915 514 1968 prior,
561 1915 621 1955 ita
663 1920 704 1956 et
743 1916 994 1967 granditate
1034 1917 1181 1956 maior
1220 1916 1344 1968 regni
1379 1916 1539 1956 Danici
1580 1917 1751 1969 optinet

100 2021 302 2066 pluralem
343 2031 560 2057 numerum
601 2032 734 2057 annos
772 2021 998 2068 siynificari
1040 2022 1196 2059 videtur
1242 2024 1367 2057 totuin
1416 2022 1653 2058 decennium
1702 2022 1752 2057 ab

104 2089 216 2113 anno
251 2078 355 2114 1190
394 2079 453 2114 vel
490 2078 662 2124 fortasse
703 2079 807 2114 1185
847 2079 1068 2124 incipiens:
1115 2081 1150 2114 et
1186 2082 1337 2120 auctor,
1388 2082 1429 2114 ut
1469 2079 1627 2125 opinor,
1676 2080 1750 2115 Izoc

103 2135 222 2170 modo
269 2135 448 2171 indicare
495 2135 637 2177 voluit.
693 2136 894 2172 Sermonem
950 2146 1051 2181 opus
1097 2146 1215 2171 suuni
1267 2136 1373 2172 intra
1420 2135 1495 2171 hoc
1541 2147 1747 2172 annorum

103 2191 279 2237 spatium
313 2193 584 2238 compleuisse.

189 2250 222 2285 1.
255 2250 295 2284 in
329 2260 406 2285 om.
441 2250 492 2295 Ag
524 2260 552 2285 s.
586 2261 618 2285 v.
648 2250 740 2285 add.
776 2249 839 2285 Vl.
919 2250 1185 2296 parcialibus.
1219 2251 1240 2286 i.
1274 2262 1303 2287 e.
1337 2261 1454 2286 suam
1491 2261 1748 2296 unoquoque

103 2309 262 2351 partem
296 2306 692 2353 complectentibus;
738 2311 1057 2353 consequenter,
1091 2307 1113 2342 i.
1145 2318 1189 2352 e.‚
1221 2309 1331 2352 pulo,
1366 2308 1567 2343 continuo
1602 2307 1749 2343 ordine

103 2362 372 2409 descriptum.
452 2364 486 2399 2.
522 2367 582 2399 est
614 2375 690 2399 om.
724 2364 768 2400 V.
845 2364 953 2400 2—3.
986 2364 1027 2399 in
1062 2364 1340 2410 pluribusque
1372 2364 1476 2400 locis
1509 2364 1636 2400 multa
1671 2364 1747 2400 dic.

103 2419 178 2456 AS.
271 2420 304 2456 3.
353 2424 647 2457 ornamentum
695 2421 739 2457 Α.
833 2423 866 2456 4.
914 2422 1253 2467 consequendam
1300 2421 1375 2457 AS.
1467 2423 1502 2456 5.
1552 2421 1747 2457 vocabilia

102 2475 154 2523 (oz
187 2476 434 2526 xroeahiliav)
467 2479 549 2523 DV,
580 2478 647 2513 sed
679 2479 691 2513 i
725 2478 765 2512 in
799 2478 832 2513 D
864 2477 936 2513 del.
1012 2482 1132 2524 poeta
1161 2478 1212 2518 A:
1245 2479 1406 2524 poetica
1439 2478 1476 2514 S.
1540 2480 1573 2514 6.
1607 2479 1747 2514 incon—

103 2537 228 2570 sweta
249 2535 329 2578 DV.
362 2535 475 2570 etsie
499 2535 646 2581 scepizzs
670 2547 708 2569 w
732 2535 772 2570 in
803 2534 924 2570 huius
958 2534 1065 2570 verbi
1093 2534 1252 2580 formis,
1287 2535 1377 2570 ilem
1412 2536 1451 2570 in
1485 2536 1748 2581 perswadeoz

103 2589 178 2626 hoc
216 2602 298 2627 non
341 2591 517 2637 amplius
556 2592 716 2627 adnoto.
796 2593 904 2627 6-7.
938 2592 1031 2627 ideo
1071 2592 1182 2628 istud
1217 2603 1282 2638 op.
1315 2602 1399 2628 exc.
1432 2596 1492 2627 est
1524 2592 1573 2627 de
1606 2592 1677 2628 illo
1710 2596 1747 2628 et

104 2648 221 2693 ponit
245 2648 284 2684 S.
350 2649 458 2685 7—8.
482 2648 539 2684 ibi
565 2649 772 2695 descripta
801 2659 878 2684 om.
907 2649 949 2684 Α.
1015 2649 1076 2685 10.
1101 2648 1313 2694 Inscriptio
1340 2649 1377 2684 in
1409 2649 1459 2684 D:
1495 2649 1745 2695 Excerptum

104 2703 154 2739 de
193 2705 368 2751 prologo
410 2706 603 2746 Saxonis;
652 2706 741 2741 item
785 2706 818 2740 V
860 2705 900 2741 in
944 2706 1153 2750 nmrqine;
1200 2706 1238 2740 in
1283 2705 1328 2741 S:
1377 2705 1579 2751 Prologus
1619 2717 1746 2752 super

104 2762 227 2806 gestis
261 2762 496 2803 Danorum;
530 2773 607 2798 om.
642 2763 683 2798 Α,
755 2764 813 2798 12.
846 2763 1029 2808 gigantes
1062 2763 1107 2801 V.
1139 2765 1175 2798 et
1206 2762 1261 2797 sie
1291 2763 1512 2808 swpissime
1544 2763 1746 2801 variatur:

105 2827 175 2863 eyo
205 2829 364 2864 semper
393 2831 416 2865 y
449 2819 635 2855 scribam.
719 2823 853 2855 erecta
887 2819 1007 2856 VAS:
1045 2830 1125 2866 que
1159 2823 1246 2855 erat
1278 2820 1323 2863 D,
1355 2819 1423 2854 sed
1454 2819 1480 2865 (ἶ
1510 2817 1624 2867 (que)
1653 2831 1680 2855 s.
1715 2831 1745 2855 v,

106 2874 194 2911 add.
230 2876 293 2912 D1.
363 2877 557 2922 sepulcra
590 2877 666 2912 AS.
734 2877 794 2913 13.
831 2880 1094 2912 mortuorum
1129 2877 1398 2922 antiquorum
1434 2876 1472 2911 S.
1540 2878 1670 2912 immo
1703 2877 1745 2913 V.

105 2941 231 2977 super
277 2933 318 2969 Α.
414 2933 474 2970 16,
519 2934 800 2979 posteriorum
841 2933 929 2972 VA2
977 2937 1190 2979 posterum
1234 2933 1271 2969 S.
1364 2934 1425 2968 18.
1473 2933 1619 2979 patriis
1657 2934 1746 2972 VA:

106 2990 288 3035 propriis
328 2991 474 3035 patriis
516 2990 560 3030 D,
606 2990 674 3025 sed
711 2991 825 3036 prius
867 2989 969 3027 verb.
1013 2990 1104 3029 dest
1152 2990 1336 3036 baternis
1374 2990 1413 3025 S.
1505 2991 1544 3025 in
1586 3001 1663 3025 om.
1703 2991 1745 3026 Α.

109 3044 169 3080 19.
196 3046 463 3093 sculpserunt
481 3047 519 3083 S.
581 3048 643 3083 20.
672 3048 827 3082 Danica
846 3047 920 3083 AS.
987 3047 1104 3082 sicud
1133 3047 1238 3082 DVA
1269 3045 1329 3094 (nt
1358 3047 1502 3092 scepius
1536 3047 1575 3082 in
1608 3045 1745 3089 codd.)

106 3100 170 3137 21.
204 3106 242 3137 et
274 3113 351 3139 om.
384 3104 423 3140 S.
501 3114 648 3149 mayor
682 3104 747 3139 DS
786 3102 844 3150 (ut
874 3104 1032 3149 soepius.
1080 3104 1198 3139 etiam
1240 3104 1280 3138 in
1320 3103 1454 3138 ceteris
1491 3104 1624 3142 codd.,·
1671 3103 1746 3139 hoc

106 3158 188 3193 solo
221 3160 305 3195 Ioco
337 3159 512 3209 adnoto).
