2150 3584
342 1127 383 1158 10

344 1491 383 1521 15

341 1890 382 1920 20

342 2485 383 2514 25

417 233 495 272 128
754 242 1027 272 SCRIPTORES
1062 243 1289 272 fflsromAE
1323 243 1497 271 DANICAE
1530 243 1729 272 MINORES

1209 356 1265 415 X

411 464 549 504 trium
581 475 840 504 marcarum
876 463 1065 515 urgebat
1096 463 1361 514 satisfactio,
1409 476 1460 504 eo
1501 465 1624 517 quod
1663 464 1779 517 regis
1812 465 2059 506 exercitum

412 536 678 589 dissipando
725 523 1046 576 distruxerant.
1138 536 1289 586 Quem
1343 536 1455 576 dum
1508 536 1618 588 legis
1664 535 1811 589 rigore
1858 536 2061 590 singulas

412 609 604 649 uisitans
650 607 905 661 prouintias
952 620 1142 648 censum
1191 608 1405 660 exigeret,
1453 608 1702 649 exactionis
1747 608 1795 649 in
1841 609 2062 650 Vandalis

411 681 646 721 inchoauit
678 679 941 733 primordia.
1004 680 1104 730 Que
1136 691 1259 733 gens,
1309 684 1463 733 utpote
1505 680 1707 722 bestialis
1750 685 1791 721 et
1822 681 2063 734 indomita,

411 754 583 794 crudeli
616 753 805 793 seuitate
838 752 1094 793 innocentis
1128 752 1284 793 sitiens
1317 765 1542 805 cruorem,
1588 767 1670 807 pro
1714 766 1854 794 censu
1887 754 2060 795 rabiem

410 826 614 866 innatam
647 824 937 865 ministrauit.
987 824 1169 878 Quippe
1202 825 1439 878 popularis
1469 826 1584 866 adeo
1609 826 1743 867 turba
1770 826 2061 880 confluxerat,

411 902 458 938 ut
490 910 574 938 nec
605 898 743 949 solus,
777 897 907 938 cuius
940 897 1136 937 fumaret
1168 897 1471 950 domicilium,
1503 898 1841 952 prerogatiuam
1875 899 2064 940 haberet

409 970 687 1012 remanendi.
751 970 961 1021 Quorum
1000 970 1113 1010 dum
1150 983 1228 1010 rex
1261 972 1559 1024 comperisset
1589 971 1897 1024 insolentiam,
1941 971 2062 1012 Veri-

408 1044 512 1084 tatis
558 1043 745 1084 monitis
792 1042 1018 1083 eruditus:
1064 1041 1124 1082 ‘Si
1170 1043 1396 1096 persecuti
1445 1057 1525 1084 vos
1572 1043 1739 1084 fuerint
1784 1043 1831 1084 in
1875 1043 2059 1085 ciuitate

409 1130 515 1168 una,
562 1102 740 1170 <fu9ite>
778 1115 826 1155 in
865 1114 1030 1166 aliam',
1076 1113 1262 1155 illorum
1306 1116 1581 1156 moliebatur
1613 1115 1812 1156 deuitare
1845 1116 2062 1167 furorem,

410 1189 699 1230 occasionem
739 1187 975 1228 declinans
1013 1186 1177 1240 prefati
1217 1187 1435 1229 malefitii.
1497 1189 1668 1229 Verum
1711 1187 2063 1242 preuaricatoris

410 1262 586 1316 antiqui
610 1262 765 1302 hostes
790 1259 1162 1312 subgestionibus
1188 1259 1353 1301 imbuti
1379 1261 1425 1302 in
1451 1266 1588 1315 caput
1619 1246 1775 1316 <re9is>
1804 1259 2061 1310 deseuiunt3

410 1335 538 1388 plebs
565 1336 807 1388 prophana
833 1331 1030 1386 principi
1055 1332 1195 1372 letum
1224 1333 1528 1375 machinatur.
1577 1332 1862 1375 Susurrantis
1893 1332 2062 1386 quippe

409 1407 610 1448 rumoris
642 1407 764 1447 fama
797 1406 1093 1447 uehementer
1124 1404 1389 1458 increbruit,
1437 1407 1703 1448 uniuersam
1744 1405 1871 1458 regni
1903 1405 2063 1446 cohor-

409 1484 500 1520 tem
532 1479 648 1533 regis
681 1479 891 1520 seuitiam
925 1477 1095 1518 crebris
1127 1479 1415 1520 exacerbasse
1449 1479 1714 1520 calumniis:

658 1575 785 1610 Fama
818 1574 917 1609 boni
949 1575 1059 1611 lente
1093 1575 1219 1620 uolat,
1250 1574 1409 1611 inuidia
1441 1574 1663 1619 retinente3

663 1644 789 1679 Fama
822 1643 980 1690 repleta
1014 1643 1134 1679 malis
1165 1643 1389 1679 uolucrum
1422 1626 1536 1695 (ceu)
1569 1643 1724 1679 diditur
1753 1641 1840 1678 alis.

411 1734 495 1774 Nec
534 1733 658 1787 prius
697 1733 922 1787 plebicule
961 1733 1112 1773 rabies
1153 1733 1325 1773 furiosa
1358 1732 1568 1785 cessauit,
1615 1745 1754 1786 quam
1796 1744 1875 1784 per
1914 1734 2055 1771 totam

408 1807 581 1847 Jutiam
614 1806 932 1859 propulsatum
968 1806 1083 1846 ultra
1111 1806 1313 1846 Medium
1334 1805 1598 1846 Transitum
1626 1804 1879 1845 Othoniam
1915 1816 2058 1857 usque

410 1883 799 1932 persequerentur.
892 1878 982 1929 Qui
1036 1878 1208 1919 ibidem
1265 1878 1485 1930 martyrio
1546 1881 1792 1918 coronatus
1853 1876 2057 1916 animam

412 1951 625 2004 paradiso
658 1951 1016 1992 commendauit.

1108 2148 1233 2189 CAP.
1267 2147 1364 2188 XII.

505 2220 637 2315 Quo
685 2254 900 2295 defuncto
948 2255 1084 2295 frater
1129 2269 1240 2295 suus
1286 2254 1333 2294 in
1381 2265 1528 2306 regem
1578 2253 1851 2305 subrogatur
1896 2251 2058 2303 Olaus3

410 2328 541 2369 cuius
587 2327 872 2380 temporibus
919 2327 1063 2368 fames
1110 2328 1252 2368 extitit
1300 2326 1599 2378 ualidissima,
1650 2327 1763 2366 adeo
1812 2325 1962 2375 etiam,
2011 2328 2060 2365 ut

410 2400 612 2452 uulgaris
644 2412 748 2439 eum
775 2400 963 2441 assertio
984 2400 1257 2440 Famelicum
1292 2403 1590 2452 nuncuparet,
1624 2399 1725 2439 licet
1759 2402 2058 2451 septuennem

412 2485 503 2512 non
551 2472 789 2512 transierit.
883 2473 985 2522 Quo
1041 2471 1256 2512 defuncto
1305 2472 1530 2512 Heni-icus
1577 2471 1713 2511 frater
1759 2469 1856 2511 eius
1903 2470 2058 2510 Bonus

413 2545 696 2595 subrogatur.
789 2544 877 2594 Qui
936 2549 1037 2597 post
1091 2545 1216 2597 regni
1268 2557 1531 2585 successum
1580 2555 1762 2583 crucem
1810 2542 2058 2582 baiulando

414 2617 646 2657 Christum
695 2620 875 2656 secutus
920 2621 997 2657 est.
1062 2618 1271 2671 Namque
1315 2616 1631 2657 Ierosolimam
1681 2614 1921 2668 profectus,
1968 2614 2059 2654 uite

413 2702 466 2728 ex
507 2689 728 2741 ergastulo
770 2689 950 2729 Christo
993 2690 1326 2730 commendans
1365 2689 1583 2741 animam,
1631 2688 1675 2727 in
1719 2687 1868 2740 Cypro
1908 2686 2059 2726 insula

414 2761 664 2813 requiescit.
732 2761 815 2801 Hic
847 2762 971 2813 regni
1006 2766 1209 2815 tempore
1242 2773 1459 2814 generosa
1494 2764 1708 2800 natorum
1740 2759 1910 2811 sobole,
1958 2758 2060 2799 licet

500 2874 534 2910 2.
582 2874 880 2910 distruxerunt.
974 2875 1008 2910 4.
1054 2874 1125 2920 cfr.
1170 2874 1304 2911 Sidon.
1346 2874 1474 2920 Apoll.
1517 2874 1625 2920 epist⁴
1664 2872 1728 2919 IV,
1774 2873 1818 2909 1:
1864 2871 2058 2908 bestiales

415 2931 643 2977 rigidaeque
677 2931 877 2967 nationes.
939 2933 974 2968 5.
1006 2931 1210 2968 seruitute
1241 2933 1379 2968 innoc.
1414 2942 1432 2967 s
1476 2941 1684 2975 cruorem,
1716 2930 1786 2976 cfr.
1823 2929 1890 2965 Vit.
1923 2929 2056 2965 Sanct.

416 2988 519 3023 Dan.
549 3000 588 3034 ρ.
625 2988 712 3032 151,
748 2999 843 3024 vers.
878 2988 939 3024 48.
1001 2989 1111 3024 5—6.
1146 2989 1304 3024 rabiem
1339 2990 1380 3024 in
1415 2989 1511 3024 uita.
1580 2988 1615 3024 9.
1647 2987 1719 3033 cfr.
1753 2985 1889 3022 Matth.
1925 2986 1986 3030 10,
2006 2984 2060 3021 23

415 3045 472 3088 (in
513 3045 581 3081 Vil.
621 3044 753 3080 Sanct.
796 3045 899 3081 Dan.
936 3045 1024 3089 105,
1056 3046 1102 3081 11
1132 3047 1245 3092 sqq).
1342 3047 1402 3081 10.
1451 3045 1675 3081 declinare.
1767 3044 1828 3080 12.
1875 3042 2058 3079 deseruit

412 3104 506 3147 (pro
538 3102 751 3146 deseuiut).
816 3102 876 3138 13.
913 3103 1030 3148 plebs
1064 3103 1295 3149 prophana,
1328 3102 1400 3148 cfr.
1427 3102 1495 3138 Vit.
1519 3102 1652 3138 Sanct.
1674 3100 1779 3137 Dan.
1809 3111 1849 3146 p.
1880 3099 2055 3146 121,11.
