2150 3584
525 204 819 233 COMPENDWM
853 205 1050 235 SAxoms.
1100 207 1181 235 ΜΒ.
1216 207 1278 235 uu
1643 198 1722 237 257

81 318 220 372 patris
252 319 342 359 iam
377 332 423 359 se
456 319 568 359 velle
601 319 799 372 recipere
831 320 1001 360 dicunt.
1065 321 1244 370 Quibus
1277 321 1445 362 Atislus
1482 322 1723 374 pecuniam

82 403 163 444 pro
195 392 387 431 emenda
421 391 639 442 exhibuit,
672 391 828 432 dicens
861 392 924 431 eis
950 393 1199 444 gloriosum
1230 406 1340 444 esse,
1373 395 1494 447 quod
1520 394 1575 434 de
1601 398 1724 434 tanto

81 473 182 515 rege
243 464 485 516 pecuniam
548 464 860 511 extorsissent;
923 465 999 504 sed
1055 465 1117 505 eis
1181 478 1270 505 non
1330 466 1725 519 acquiescentibus

80 535 284 576 duellum
318 547 422 576 cum
460 536 629 577 Ketone
660 536 921 588 ingreditur.
985 537 1095 577 Keto
1129 542 1279 577 autem
1315 542 1406 577 tam
1441 538 1588 578 valide
1620 551 1724 578 eum

79 607 229 659 gladio
277 609 511 661 percussit,
559 613 603 649 vt
643 608 791 649 diuisa
831 609 1007 649 casside
1057 610 1287 650 vulnerata
1337 610 1533 661 grauiter
1580 610 1725 650 fronte

81 680 251 720 multus
292 680 476 733 sanguis
518 681 666 721 exiret.
733 681 1017 721 Prouocatus
1058 681 1191 733 igitur
1223 682 1391 722 Atislus
1434 687 1522 722 tam
1565 682 1726 722 acriter

79 753 365 805 repercussit,
414 757 457 794 vt
493 753 602 794 Keto
636 766 774 807 super
804 764 950 806 genua
984 754 1183 804 caderet;
1231 754 1353 808 quod
1387 755 1527 806 Viggo
1568 754 1725 795 videns

78 824 204 865 fratri
247 825 292 865 in
334 825 613 866 adiutorium
660 826 794 877 venit,
841 826 996 880 sicque
1035 826 1174 866 ambo
1214 826 1407 867 Atislum
1447 827 1723 867 occiderunt.

81 896 222 937 Cuius
255 910 378 938 mors
410 911 466 938 ne
498 898 675 938 occulta
709 902 837 949 esset,
880 898 1025 951 capite
1066 899 1247 939 absciso
1280 911 1446 952 corpus
1479 899 1576 939 eius
1609 912 1726 952 equo

78 969 323 1022 imponunt
368 975 410 1010 et
450 971 505 1011 ad
550 970 751 1011 vicinum
794 970 984 1024 opidum
1028 972 1275 1020 deducunt,
1322 972 1522 1012 dicentes
1564 972 1725 1012 incolis

77 1041 271 1082 Atislum
304 1055 329 1082 a
363 1043 564 1084 Frowini
597 1043 701 1084 filiis
733 1043 1044 1093 interfectum3
1083 1044 1238 1098 sicque
1271 1044 1316 1084 in
1352 1044 1546 1084 Daniam
1580 1056 1726 1084 reuer—

76 1117 234 1155 tuntur
280 1119 322 1155 et
367 1128 392 1156 a
432 1116 721 1157 Wermundo
769 1115 1024 1157 honoribus
1063 1116 1364 1170 excipiuntur.
1428 1117 1619 1157 Versum
1662 1121 1726 1157 est

78 1186 212 1238 igitur
237 1187 283 1228 in
311 1189 608 1242 prouerbium
635 1189 758 1242 apud
785 1192 1036 1240 extraneos,
1070 1188 1195 1243 quod
1220 1190 1313 1230 duo
1333 1189 1451 1229 Dani
1478 1189 1726 1242 pugnando

77 1263 234 1300 contra
265 1273 406 1302 vnum
441 1261 560 1313 leges
591 1261 843 1302 dimicandi
876 1261 1067 1314 turpiter
1098 1261 1396 1314 infregissent.

161 1332 234 1374 VI.
297 1333 575 1374 Procedente
606 1337 811 1387 tempore
843 1346 949 1374 cum
981 1334 1295 1375 Wermundus
1329 1334 1456 1375 senio
1489 1333 1724 1374 confectus

76 1391 308 1446 cecitatem
350 1405 627 1458 incurrisset,
674 1419 751 1447 rex
784 1406 979 1447 Saxonie
1021 1407 1059 1447 ei
1101 1419 1180 1460 per
1219 1407 1389 1459 legatos
1433 1407 1634 1458 mandat,
1682 1411 1725 1447 vt

77 1481 155 1518 aut
186 1477 225 1518 ei
257 1489 446 1530 regnum
478 1479 684 1532 resignet,
716 1483 793 1520 aut
816 1479 938 1520 filius
968 1492 1079 1520 suus
1103 1491 1209 1519 cum
1235 1478 1329 1520 filio
1354 1479 1498 1533 ipsius
1526 1479 1724 1531 dimicet,

76 1554 153 1591 aut
192 1550 305 1591 sciat
343 1563 449 1591 eum
482 1564 587 1592 cum
621 1552 818 1593 exercitu
853 1551 1049 1592 Daniam
1082 1551 1372 1593 intraturum.
1435 1551 1566 1592 Tunc
1600 1551 1723 1593 Wer-

77 1623 279 1664 mundus
337 1623 640 1676 ingemiscens
700 1624 954 1678 respondit,
1016 1625 1161 1678 quod,
1223 1628 1470 1678 antequam
1532 1636 1722 1677 regnum

77 1699 290 1737 extraneo
336 1695 542 1737 dominio
589 1696 833 1749 subiceret,
889 1697 986 1750 ipse
1040 1697 1166 1750 prius
1214 1709 1319 1737 cum
1366 1707 1467 1748 rege
1514 1697 1720 1750 ipsorum

76 1767 325 1810 dimicaret.
388 1768 569 1820 Quibus
607 1769 990 1823 respondentibus
1032 1769 1282 1810 ludibrium
1326 1782 1423 1810 esse
1465 1782 1571 1810 cum
1617 1781 1724 1810 ceco

77 1851 293 1894 pugnare,
323 1853 408 1882 nec
438 1852 589 1894 regem
620 1841 806 1883 illorum
839 1844 927 1883 hoc
957 1842 1071 1884 velle
1100 1841 1259 1893 facere,
1292 1842 1559 1895 cunctisque
1580 1841 1723 1882 Danis

77 1913 400 1966 nescientibus,
425 1914 536 1968 quid
561 1914 717 1967 legatis
739 1914 953 1967 dicerent,
971 1914 1086 1966 Vffo,
1114 1914 1250 1968 petita
1277 1914 1465 1955 licencia
1493 1914 1723 1968 loquendi,

77 1985 140 2026 eis
170 1987 419 2040 respondit,
451 1987 575 2040 quod
606 2000 684 2028 rex
714 2000 874 2028 eorum
898 1988 1064 2028 frustra
1092 1997 1282 2039 regnum
1311 1987 1455 2027 Danie
1480 1991 1723 2040 appeteret,

77 2059 199 2112 quod
231 2063 324 2099 tam
357 2070 456 2112 rege
489 2072 629 2113 quam
661 2059 922 2100 fortissimis
954 2060 1221 2113 proceribus
1253 2059 1529 2109 abundaret3
1574 2059 1723 2100 sciret-

77 2143 165 2184 que
204 2143 288 2172 nec
332 2132 423 2184 regi
464 2131 610 2173 filium
652 2145 736 2173 nec
774 2144 914 2184 regno
954 2144 1263 2173 successorem
1307 2132 1475 2172 deesse.
1537 2131 1723 2172 Addidit

78 2203 236 2256 eciam,
282 2205 406 2258 quod
446 2218 539 2246 non
578 2205 728 2246 solum
772 2205 865 2246 filio
904 2205 1019 2257 regis
1060 2205 1267 2258 ipsorum
1315 2206 1392 2244 sed
1440 2204 1585 2244 eciam
1633 2204 1722 2244 cui-

77 2288 257 2331 cunque
295 2276 544 2318 fortissimo
586 2290 640 2318 ex
670 2281 801 2329 gente
833 2290 992 2318 eorum
1025 2289 1181 2318 secum
1213 2281 1450 2330 assumpto
1484 2288 1722 2318 occurrere

78 2360 169 2388 non
200 2348 390 2390 timeret.
453 2349 592 2402 Igitur
633 2350 786 2390 statim
827 2350 933 2390 belli
974 2350 1101 2391 locus
1139 2353 1181 2390 et
1212 2353 1392 2402 tempus
1424 2348 1719 2402 prefiguntur.

163 2486 197 2522 2.
230 2485 387 2521 exibuit
419 2486 500 2522 DV.
591 2486 626 2522 3.
661 2486 970 2533 extorquissent
1003 2486 1042 2523 S.
1128 2487 1238 2523 4-5.
1272 2484 1420 2534 cum(!)
1456 2485 1594 2532 gladio
1637 2489 1723 2535 tam·

78 2542 212 2578 valide
259 2543 299 2580 S.
391 2544 427 2579 6.
475 2543 597 2580 wltus
644 2543 813 2589 sanguis
853 2543 893 2580 S.
985 2553 1082 2590 ergo
1129 2543 1205 2579 AS.
1295 2547 1378 2579 tam
1424 2543 1608 2589 grauiter
1645 2542 1720 2578 AS.

78 2599 114 2636 9.
147 2599 354 2636 occultata
386 2600 460 2636 AS.
526 2601 586 2636 10.
620 2600 824 2647 oppidum
854 2601 897 2637 V.
963 2602 1024 2636 11.
1055 2601 1229 2636 Atislum
1264 2610 1340 2636 om.
1375 2599 1451 2636 AS.
1514 2599 1575 2635 13.
1608 2600 1720 2645 apud

79 2656 150 2692 DV
179 2657 229 2700 (el
257 2656 398 2703 Saaeo);
440 2657 490 2693 ad
523 2657 598 2693 AS.
693 2659 755 2693 14.
787 2669 914 2693 vnum
949 2657 1142 2693 Sweuum
1176 2658 1216 2694 S.
1312 2658 1373 2694 15.
1407 2667 1502 2692 cum
1535 2667 1612 2692 om.
1645 2656 1720 2693 AS.

82 2713 141 2750 16.
173 2714 390 2750 mandauit
422 2715 460 2750 S.
554 2715 614 2751 17.
656 2715 741 2751 filio
782 2715 872 2751 eius
903 2715 947 2750 A.
1008 2715 1227 2751 dimicaret
1258 2714 1297 2751 S.
1393 2714 1454 2750 18.
1492 2714 1593 2750 sciet
1624 2724 1717 2749 euni

80 2770 255 2806 Daniam
294 2781 388 2807 curn
429 2772 611 2808 exercitu
646 2774 733 2816 (-to)
767 2771 886 2817 MS).
978 2773 1200 2808 intrantem
1235 2771 1274 2808 S.
1367 2772 1431 2807 20.
1473 2771 1645 2806 domino
1678 2770 1717 2806 S.

16 2850 21 2855 -
77 2827 313 2864 subiaceret
343 2828 419 2865 AS.
512 2829 575 2864 21.
616 2829 776 2872 Quibus
816 2829 900 2865 lud.
942 2840 1032 2865 esse
1073 2839 1180 2875 resp.
1212 2828 1287 2865 AS.
1379 2828 1441 2863 22.
1483 2838 1630 2863 eorum
1673 2827 1717 2862 D.

79 2884 239 2920 cunctis
286 2888 424 2921 autem
471 2885 599 2921 Danis
639 2886 679 2922 S.
768 2886 831 2922 23.
873 2885 918 2921 In
961 2896 1090 2932 mary.
1132 2886 1182 2921 A:
1230 2895 1336 2921 xxv1.
1377 2884 1478 2921 Offae
1518 2884 1720 2920 Vermvns

80 2942 159 2978 ton.
222 2942 286 2977 24.
319 2952 390 2978 eos
421 2953 529 2991 resp.
561 2942 605 2978 A.
669 2943 733 2978 25.
768 2946 850 2978 tam
884 2953 927 2978 re
959 2943 1003 2978 A.
1060 2936 1312 2989 'proceribus
1345 2951 1424 2978 om.
1456 2942 1498 2977 A.
1560 2941 1720 2977 habun-

78 2997 197 3034 daret
217 2998 298 3035 VA.
360 2999 424 3035 26.
455 2999 540 3035 de-e.
580 2999 702 3036 Addit
732 3000 769 3036 S.
832 3000 895 3036 28.
928 3002 1143 3045 assumpta
1177 2999 1218 3034 A.
1281 2999 1344 3035 29.
1382 2997 1505 3034 Verba
1539 2998 1718 3043 Igitur..

79 3054 341 3101 prefiguntur
371 3066 449 3092 om.
481 3055 556 3093 AS.

1754 982 1794 1012 10

1752 1345 1793 1375 15

1748 1708 1791 1739 20

1748 2071 1791 2102 25
