<?xml version="1.0" encoding="UTF-8"?>
<!DOCTYPE html PUBLIC "-//W3C//DTD XHTML 1.0 Transitional//EN"
    "http://www.w3.org/TR/xhtml1/DTD/xhtml1-transitional.dtd">
<html xmlns="http://www.w3.org/1999/xhtml" xml:lang="en" lang="en">
 <head>
  <title>
</title>
<meta http-equiv="Content-Type" content="text/html;charset=utf-8" />
  <meta name='ocr-system' content='tesseract 3.04.00' />
  <meta name='ocr-capabilities' content='ocr_page ocr_carea ocr_par ocr_line ocrx_word'/>
</head>
<body>
  <div class='ocr_page' id='page_1' title='image "./scriptoresminore112gert_0439.png"; bbox 0 0 2150 3584; ppageno 0'>
   <div class='ocr_carea' id='block_1_1' title="bbox 555 144 1757 183">
    <p class='ocr_par' dir='ltr' id='par_1_1' title="bbox 555 144 1757 183">
     <span class='ocr_line' id='line_1_1' title="bbox 555 144 1757 183; baseline 0.002 -3"><span class='ocrx_word' id='word_1_1' title='bbox 555 150 849 180; x_wconf 74' lang='grc' dir='ltr'><strong>οοΜΡΕΝωνΜ</strong></span> <span class='ocrx_word' id='word_1_2' title='bbox 883 150 1081 180; x_wconf 73' lang='lat' dir='ltr'>SAonis.</span> <span class='ocrx_word' id='word_1_3' title='bbox 1130 152 1209 180; x_wconf 70' lang='lat' dir='ltr'>Lus.</span> <span class='ocrx_word' id='word_1_4' title='bbox 1244 153 1336 181; x_wconf 82' lang='lat' dir='ltr'>xiui</span> <span class='ocrx_word' id='word_1_5' title='bbox 1683 144 1757 183; x_wconf 83' lang='lat'>421</span> 
     </span>
    </p>
   </div>
   <div class='ocr_carea' id='block_1_2' title="bbox 119 263 1772 2123">
    <p class='ocr_par' dir='ltr' id='par_1_2' title="bbox 119 263 1771 1979">
     <span class='ocr_line' id='line_1_2' title="bbox 120 263 1765 316; baseline 0.001 -10"><span class='ocrx_word' id='word_1_6' title='bbox 120 265 231 307; x_wconf 89' lang='lat' dir='ltr'>vidit</span> <span class='ocrx_word' id='word_1_7' title='bbox 264 277 432 305; x_wconf 92' lang='lat' dir='ltr'>nauem</span> <span class='ocrx_word' id='word_1_8' title='bbox 463 263 580 316; x_wconf 84' lang='lat' dir='ltr'>regis</span> <span class='ocrx_word' id='word_1_9' title='bbox 612 276 665 304; x_wconf 91' lang='lat' dir='ltr'>ac</span> <span class='ocrx_word' id='word_1_10' title='bbox 696 267 838 304; x_wconf 88' lang='lat' dir='ltr'>totam</span> <span class='ocrx_word' id='word_1_11' title='bbox 881 264 1072 305; x_wconf 84' lang='lat' dir='ltr'>classem</span> <span class='ocrx_word' id='word_1_12' title='bbox 1114 277 1298 305; x_wconf 90' lang='lat' dir='ltr'>cursum</span> <span class='ocrx_word' id='word_1_13' title='bbox 1341 266 1567 307; x_wconf 81' lang='lat' dir='ltr'>reflectere</span> <span class='ocrx_word' id='word_1_14' title='bbox 1609 280 1765 307; x_wconf 88' lang='lat' dir='ltr'>versus</span> 
     </span>
     <span class='ocr_line' id='line_1_3' title="bbox 123 336 1765 390; baseline -0.001 -11"><span class='ocrx_word' id='word_1_15' title='bbox 123 338 275 379; x_wconf 68' lang='lat' dir='ltr'>Meton.</span> <span class='ocrx_word' id='word_1_16' title='bbox 340 337 479 389; x_wconf 83' lang='lat' dir='ltr'>Igitur</span> <span class='ocrx_word' id='word_1_17' title='bbox 518 336 727 376; x_wconf 86' lang='lat' dir='ltr'>turbatus</span> <span class='ocrx_word' id='word_1_18' title='bbox 770 349 956 376; x_wconf 88' lang='lat' dir='ltr'>cursum</span> <span class='ocrx_word' id='word_1_19' title='bbox 1004 340 1106 389; x_wconf 90' lang='lat' dir='ltr'>post</span> <span class='ocrx_word' id='word_1_20' title='bbox 1152 348 1300 388; x_wconf 83' lang='lat' dir='ltr'>regem</span> <span class='ocrx_word' id='word_1_21' title='bbox 1348 338 1518 390; x_wconf 75' lang='lat' dir='ltr'>dirigit,</span> <span class='ocrx_word' id='word_1_22' title='bbox 1567 350 1765 390; x_wconf 87' lang='lat' dir='ltr'>congres-</span> 
     </span>
     <span class='ocr_line' id='line_1_4' title="bbox 121 407 1764 465; baseline 0.001 -15"><span class='ocrx_word' id='word_1_23' title='bbox 121 421 316 462; x_wconf 92' lang='lat' dir='ltr'>sumque</span> <span class='ocrx_word' id='word_1_24' title='bbox 362 408 407 448; x_wconf 92' lang='lat' dir='ltr'>in</span> <span class='ocrx_word' id='word_1_25' title='bbox 454 411 571 449; x_wconf 89' lang='lat' dir='ltr'>terra</span> <span class='ocrx_word' id='word_1_26' title='bbox 620 407 767 448; x_wconf 90' lang='lat' dir='ltr'>verbis</span> <span class='ocrx_word' id='word_1_27' title='bbox 814 408 1033 460; x_wconf 89' lang='lat' dir='ltr'>grauibus</span> <span class='ocrx_word' id='word_1_28' title='bbox 1080 409 1135 449; x_wconf 89' lang='lat' dir='ltr'>de</span> <span class='ocrx_word' id='word_1_29' title='bbox 1182 409 1326 450; x_wconf 89' lang='lat' dir='ltr'>reditu</span> <span class='ocrx_word' id='word_1_30' title='bbox 1374 410 1594 463; x_wconf 81' lang='lat' dir='ltr'>increpat,</span> <span class='ocrx_word' id='word_1_31' title='bbox 1642 414 1764 465; x_wconf 85' lang='lat' dir='ltr'>quod</span> 
     </span>
     <span class='ocr_line' id='line_1_5' title="bbox 120 480 1763 535; baseline 0.001 -12"><span class='ocrx_word' id='word_1_32' title='bbox 120 481 464 535; x_wconf 88' lang='lat' dir='ltr'>expedicionem</span> <span class='ocrx_word' id='word_1_33' title='bbox 512 493 779 534; x_wconf 83' lang='lat' dir='ltr'>prosperam</span> <span class='ocrx_word' id='word_1_34' title='bbox 827 481 882 521; x_wconf 90' lang='lat' dir='ltr'>de</span> <span class='ocrx_word' id='word_1_35' title='bbox 930 480 1122 521; x_wconf 92' lang='lat' dir='ltr'>consilio</span> <span class='ocrx_word' id='word_1_36' title='bbox 1164 481 1327 521; x_wconf 87' lang='lat' dir='ltr'>factam</span> <span class='ocrx_word' id='word_1_37' title='bbox 1378 482 1441 522; x_wconf 84' lang='lat' dir='ltr'>sic</span> <span class='ocrx_word' id='word_1_38' title='bbox 1487 483 1583 523; x_wconf 88' lang='lat' dir='ltr'>sine</span> <span class='ocrx_word' id='word_1_39' title='bbox 1627 495 1763 524; x_wconf 87' lang='lat' dir='ltr'>causa</span> 
     </span>
     <span class='ocr_line' id='line_1_6' title="bbox 119 552 1764 607; baseline 0.001 -13"><span class='ocrx_word' id='word_1_40' title='bbox 119 553 437 607; x_wconf 82' lang='lat' dir='ltr'>suspendisset.</span> <span class='ocrx_word' id='word_1_41' title='bbox 502 553 786 593; x_wconf 90' lang='lat' dir='ltr'>Prouocatus</span> <span class='ocrx_word' id='word_1_42' title='bbox 827 565 903 592; x_wconf 89' lang='lat' dir='ltr'>rex</span> <span class='ocrx_word' id='word_1_43' title='bbox 943 552 1069 603; x_wconf 83' lang='lat' dir='ltr'>dixit,</span> <span class='ocrx_word' id='word_1_44' title='bbox 1116 552 1393 594; x_wconf 85' lang='lat' dir='ltr'>Absolonem</span> <span class='ocrx_word' id='word_1_45' title='bbox 1435 554 1588 595; x_wconf 86' lang='lat' dir='ltr'>adhuc</span> <span class='ocrx_word' id='word_1_46' title='bbox 1626 555 1764 596; x_wconf 85' lang='lat' dir='ltr'>nichil</span> 
     </span>
     <span class='ocr_line' id='line_1_7' title="bbox 119 624 1765 679; baseline 0.001 -12"><span class='ocrx_word' id='word_1_47' title='bbox 119 631 212 667; x_wconf 89' lang='lat' dir='ltr'>tam</span> <span class='ocrx_word' id='word_1_48' title='bbox 256 637 475 676; x_wconf 84' lang='lat' dir='ltr'>magnum</span> <span class='ocrx_word' id='word_1_49' title='bbox 515 624 671 676; x_wconf 85' lang='lat' dir='ltr'>egisse,</span> <span class='ocrx_word' id='word_1_50' title='bbox 718 625 828 678; x_wconf 92' lang='lat' dir='ltr'>quin</span> <span class='ocrx_word' id='word_1_51' title='bbox 870 625 965 677; x_wconf 90' lang='lat' dir='ltr'>ipse</span> <span class='ocrx_word' id='word_1_52' title='bbox 996 629 1088 665; x_wconf 91' lang='lat' dir='ltr'>tam</span> <span class='ocrx_word' id='word_1_53' title='bbox 1123 626 1319 665; x_wconf 86' lang='lat' dir='ltr'>arduum</span> <span class='ocrx_word' id='word_1_54' title='bbox 1356 626 1569 678; x_wconf 84' lang='lat' dir='ltr'>perficere</span> <span class='ocrx_word' id='word_1_55' title='bbox 1602 632 1765 679; x_wconf 85' lang='lat' dir='ltr'>posset.</span> 
     </span>
     <span class='ocr_line' id='line_1_8' title="bbox 121 697 1767 752; baseline -0.001 -12"><span class='ocrx_word' id='word_1_56' title='bbox 121 697 336 752; x_wconf 87' lang='lat' dir='ltr'>Sequenti</span> <span class='ocrx_word' id='word_1_57' title='bbox 383 700 515 737; x_wconf 91' lang='lat' dir='ltr'>nocte</span> <span class='ocrx_word' id='word_1_58' title='bbox 560 700 684 737; x_wconf 88' lang='lat' dir='ltr'>tanta</span> <span class='ocrx_word' id='word_1_59' title='bbox 732 700 979 750; x_wconf 82' lang='lat' dir='ltr'>tempestas</span> <span class='ocrx_word' id='word_1_60' title='bbox 1026 701 1123 738; x_wconf 88' lang='lat' dir='ltr'>orta</span> <span class='ocrx_word' id='word_1_61' title='bbox 1171 701 1255 749; x_wconf 89' lang='lat' dir='ltr'>est,</span> <span class='ocrx_word' id='word_1_62' title='bbox 1301 699 1423 751; x_wconf 92' lang='lat' dir='ltr'>quod</span> <span class='ocrx_word' id='word_1_63' title='bbox 1471 702 1562 738; x_wconf 83' lang='lat' dir='ltr'>tota</span> <span class='ocrx_word' id='word_1_64' title='bbox 1609 700 1767 739; x_wconf 82' lang='lat' dir='ltr'>classis</span> 
     </span>
     <span class='ocr_line' id='line_1_9' title="bbox 119 769 1767 825; baseline 0.001 -14"><span class='ocrx_word' id='word_1_65' title='bbox 119 770 452 823; x_wconf 85' lang='lat' dir='ltr'>dispergeretur</span> <span class='ocrx_word' id='word_1_66' title='bbox 494 781 578 809; x_wconf 92' lang='lat' dir='ltr'>nec</span> <span class='ocrx_word' id='word_1_67' title='bbox 614 769 831 810; x_wconf 89' lang='lat' dir='ltr'>anchoris</span> <span class='ocrx_word' id='word_1_68' title='bbox 871 782 955 810; x_wconf 92' lang='lat' dir='ltr'>nec</span> <span class='ocrx_word' id='word_1_69' title='bbox 996 773 1128 823; x_wconf 91' lang='lat' dir='ltr'>portu</span> <span class='ocrx_word' id='word_1_70' title='bbox 1167 770 1308 810; x_wconf 88' lang='lat' dir='ltr'>teneri</span> <span class='ocrx_word' id='word_1_71' title='bbox 1351 774 1524 823; x_wconf 72' lang='lat' dir='ltr'>posset,</span> <span class='ocrx_word' id='word_1_72' title='bbox 1571 784 1658 825; x_wconf 90' lang='lat' dir='ltr'>que</span> <span class='ocrx_word' id='word_1_73' title='bbox 1698 785 1767 812; x_wconf 90' lang='lat' dir='ltr'>res</span> 
     </span>
     <span class='ocr_line' id='line_1_10' title="bbox 121 841 1767 895; baseline 0.001 -13"><span class='ocrx_word' id='word_1_74' title='bbox 121 841 471 895; x_wconf 90' lang='lat' dir='ltr'>impacienciam</span> <span class='ocrx_word' id='word_1_75' title='bbox 503 841 620 893; x_wconf 86' lang='lat' dir='ltr'>regis</span> <span class='ocrx_word' id='word_1_76' title='bbox 653 845 810 882; x_wconf 91' lang='lat' dir='ltr'>contra</span> <span class='ocrx_word' id='word_1_77' title='bbox 839 841 1119 882; x_wconf 87' lang='lat' dir='ltr'>Absolonem</span> <span class='ocrx_word' id='word_1_78' title='bbox 1153 846 1299 882; x_wconf 86' lang='lat' dir='ltr'>ortam</span> <span class='ocrx_word' id='word_1_79' title='bbox 1332 842 1552 883; x_wconf 80' lang='lat' dir='ltr'>deleniuit.</span> <span class='ocrx_word' id='word_1_80' title='bbox 1601 843 1767 884; x_wconf 89' lang='lat' dir='ltr'>Tribus</span> 
     </span>
     <span class='ocr_line' id='line_1_11' title="bbox 121 914 1766 968; baseline -0.001 -13"><span class='ocrx_word' id='word_1_81' title='bbox 121 914 283 955; x_wconf 89' lang='lat' dir='ltr'>diebus</span> <span class='ocrx_word' id='word_1_82' title='bbox 316 917 462 954; x_wconf 88' lang='lat' dir='ltr'>stante</span> <span class='ocrx_word' id='word_1_83' title='bbox 492 917 773 966; x_wconf 82' lang='lat' dir='ltr'>tempestate,</span> <span class='ocrx_word' id='word_1_84' title='bbox 805 926 884 954; x_wconf 93' lang='lat' dir='ltr'>rex</span> <span class='ocrx_word' id='word_1_85' title='bbox 915 914 973 954; x_wconf 89' lang='lat' dir='ltr'>ab</span> <span class='ocrx_word' id='word_1_86' title='bbox 1006 914 1176 955; x_wconf 90' lang='lat' dir='ltr'>eisdem</span> <span class='ocrx_word' id='word_1_87' title='bbox 1211 914 1483 954; x_wconf 88' lang='lat' dir='ltr'>consiliariis</span> <span class='ocrx_word' id='word_1_88' title='bbox 1515 915 1766 968; x_wconf 72' lang='lat' dir='ltr'>requisiust,</span> 
     </span>
     <span class='ocr_line' id='line_1_12' title="bbox 121 979 1768 1040; baseline 0.001 -14"><span class='ocrx_word' id='word_1_89' title='bbox 121 985 229 1040; x_wconf 92' lang='lat' dir='ltr'>quid</span> <span class='ocrx_word' id='word_1_90' title='bbox 263 986 492 1038; x_wconf 89' lang='lat' dir='ltr'>agendum</span> <span class='ocrx_word' id='word_1_91' title='bbox 528 989 664 1035; x_wconf 87' lang='lat' dir='ltr'>esset;</span> <span class='ocrx_word' id='word_1_92' title='bbox 697 985 762 1025; x_wconf 93' lang='lat' dir='ltr'>illi</span> <span class='ocrx_word' id='word_1_93' title='bbox 795 986 1140 1034; x_wconf 87' lang='lat' dir='ltr'>consuluerunt,</span> <span class='ocrx_word' id='word_1_94' title='bbox 1172 987 1294 1040; x_wconf 89' lang='lat' dir='ltr'>quod</span> <span class='ocrx_word' id='word_1_95' title='bbox 1326 986 1475 1026; x_wconf 88' lang='lat' dir='ltr'>statim</span> <span class='ocrx_word' id='word_1_96' title='bbox 1504 979 1768 1040; x_wconf 87' lang='lat' dir='ltr'>tempestate</span> 
     </span>
     <span class='ocr_line' id='line_1_13' title="bbox 122 1057 1768 1111; baseline 0 -11"><span class='ocrx_word' id='word_1_97' title='bbox 122 1059 309 1100; x_wconf 88' lang='lat' dir='ltr'>miciore</span> <span class='ocrx_word' id='word_1_98' title='bbox 341 1057 458 1098; x_wconf 84' lang='lat' dir='ltr'>facta</span> <span class='ocrx_word' id='word_1_99' title='bbox 490 1071 647 1098; x_wconf 90' lang='lat' dir='ltr'>versus</span> <span class='ocrx_word' id='word_1_100' title='bbox 681 1057 883 1098; x_wconf 91' lang='lat' dir='ltr'>Slauiam</span> <span class='ocrx_word' id='word_1_101' title='bbox 916 1058 1202 1110; x_wconf 85' lang='lat' dir='ltr'>remigarent.</span> <span class='ocrx_word' id='word_1_102' title='bbox 1252 1059 1525 1099; x_wconf 88' lang='lat' dir='ltr'>Inchoantes</span> <span class='ocrx_word' id='word_1_103' title='bbox 1550 1059 1768 1111; x_wconf 85' lang='lat' dir='ltr'>remigare</span> 
     </span>
     <span class='ocr_line' id='line_1_14' title="bbox 122 1130 1768 1185; baseline -0.001 -12"><span class='ocrx_word' id='word_1_104' title='bbox 122 1134 455 1185; x_wconf 87' lang='lat' dir='ltr'>competentem</span> <span class='ocrx_word' id='word_1_105' title='bbox 505 1143 771 1183; x_wconf 87' lang='lat' dir='ltr'>processum</span> <span class='ocrx_word' id='word_1_106' title='bbox 818 1130 1051 1171; x_wconf 90' lang='lat' dir='ltr'>habebant</span> <span class='ocrx_word' id='word_1_107' title='bbox 1097 1131 1182 1171; x_wconf 91' lang='lat' dir='ltr'>sub</span> <span class='ocrx_word' id='word_1_108' title='bbox 1229 1135 1367 1180; x_wconf 72' lang='lat' dir='ltr'>terra,</span> <span class='ocrx_word' id='word_1_109' title='bbox 1430 1131 1506 1171; x_wconf 82' lang='lat' dir='ltr'>sed</span> <span class='ocrx_word' id='word_1_110' title='bbox 1562 1132 1671 1172; x_wconf 92' lang='lat' dir='ltr'>dum</span> <span class='ocrx_word' id='word_1_111' title='bbox 1723 1132 1768 1172; x_wconf 91' lang='lat' dir='ltr'>in</span> 
     </span>
     <span class='ocr_line' id='line_1_15' title="bbox 122 1202 1770 1256; baseline -0.001 -12"><span class='ocrx_word' id='word_1_112' title='bbox 122 1204 264 1244; x_wconf 89' lang='lat' dir='ltr'>altum</span> <span class='ocrx_word' id='word_1_113' title='bbox 298 1202 529 1244; x_wconf 90' lang='lat' dir='ltr'>venissent</span> <span class='ocrx_word' id='word_1_114' title='bbox 560 1202 714 1255; x_wconf 87' lang='lat' dir='ltr'>maris,</span> <span class='ocrx_word' id='word_1_115' title='bbox 759 1206 853 1243; x_wconf 89' lang='lat' dir='ltr'>tam</span> <span class='ocrx_word' id='word_1_116' title='bbox 893 1203 1092 1255; x_wconf 86' lang='lat' dir='ltr'>grauiter</span> <span class='ocrx_word' id='word_1_117' title='bbox 1129 1203 1340 1256; x_wconf 90' lang='lat' dir='ltr'>procellis</span> <span class='ocrx_word' id='word_1_118' title='bbox 1371 1203 1677 1251; x_wconf 86' lang='lat' dir='ltr'>illidebantur,</span> <span class='ocrx_word' id='word_1_119' title='bbox 1725 1208 1770 1243; x_wconf 80' lang='lat' dir='ltr'>vt</span> 
     </span>
     <span class='ocr_line' id='line_1_16' title="bbox 123 1274 1771 1329; baseline -0.001 -12"><span class='ocrx_word' id='word_1_120' title='bbox 123 1275 255 1317; x_wconf 92' lang='lat' dir='ltr'>nauis</span> <span class='ocrx_word' id='word_1_121' title='bbox 294 1274 410 1327; x_wconf 89' lang='lat' dir='ltr'>regis</span> <span class='ocrx_word' id='word_1_122' title='bbox 447 1286 691 1328; x_wconf 86' lang='lat' dir='ltr'>compages</span> <span class='ocrx_word' id='word_1_123' title='bbox 728 1275 1037 1325; x_wconf 86' lang='lat' dir='ltr'>soluerentur;</span> <span class='ocrx_word' id='word_1_124' title='bbox 1084 1279 1268 1328; x_wconf 89' lang='lat' dir='ltr'>propter</span> <span class='ocrx_word' id='word_1_125' title='bbox 1306 1275 1429 1329; x_wconf 87' lang='lat' dir='ltr'>quod</span> <span class='ocrx_word' id='word_1_126' title='bbox 1472 1287 1549 1315; x_wconf 89' lang='lat' dir='ltr'>rex</span> <span class='ocrx_word' id='word_1_127' title='bbox 1588 1275 1771 1315; x_wconf 88' lang='lat' dir='ltr'>saltauit</span> 
     </span>
     <span class='ocr_line' id='line_1_17' title="bbox 121 1347 1771 1400; baseline -0.001 -11"><span class='ocrx_word' id='word_1_128' title='bbox 121 1349 168 1389; x_wconf 91' lang='lat' dir='ltr'>in</span> <span class='ocrx_word' id='word_1_129' title='bbox 200 1348 339 1388; x_wconf 89' lang='lat' dir='ltr'>aliam</span> <span class='ocrx_word' id='word_1_130' title='bbox 371 1360 539 1388; x_wconf 92' lang='lat' dir='ltr'>nauem</span> <span class='ocrx_word' id='word_1_131' title='bbox 572 1348 987 1400; x_wconf 85' lang='lat' dir='ltr'>approximantem,</span> <span class='ocrx_word' id='word_1_132' title='bbox 1029 1360 1118 1388; x_wconf 88' lang='lat' dir='ltr'>vna</span> <span class='ocrx_word' id='word_1_133' title='bbox 1159 1361 1300 1388; x_wconf 90' lang='lat' dir='ltr'>manu</span> <span class='ocrx_word' id='word_1_134' title='bbox 1332 1347 1508 1388; x_wconf 90' lang='lat' dir='ltr'>habens</span> <span class='ocrx_word' id='word_1_135' title='bbox 1541 1360 1693 1388; x_wconf 89' lang='lat' dir='ltr'>ensem</span> <span class='ocrx_word' id='word_1_136' title='bbox 1730 1352 1771 1388; x_wconf 86' lang='lat' dir='ltr'>et</span> 
     </span>
     <span class='ocr_line' id='line_1_18' title="bbox 121 1419 1769 1473; baseline -0.001 -12"><span class='ocrx_word' id='word_1_137' title='bbox 121 1421 262 1461; x_wconf 91' lang='lat' dir='ltr'>altera</span> <span class='ocrx_word' id='word_1_138' title='bbox 293 1419 525 1461; x_wconf 86' lang='lat' dir='ltr'>vexillum.</span> <span class='ocrx_word' id='word_1_139' title='bbox 575 1420 728 1461; x_wconf 90' lang='lat' dir='ltr'>Naues</span> <span class='ocrx_word' id='word_1_140' title='bbox 760 1433 935 1472; x_wconf 89' lang='lat' dir='ltr'>omnes,</span> <span class='ocrx_word' id='word_1_141' title='bbox 967 1433 1055 1473; x_wconf 91' lang='lat' dir='ltr'>que</span> <span class='ocrx_word' id='word_1_142' title='bbox 1087 1433 1193 1460; x_wconf 89' lang='lat' dir='ltr'>cum</span> <span class='ocrx_word' id='word_1_143' title='bbox 1226 1431 1327 1471; x_wconf 89' lang='lat' dir='ltr'>rege</span> <span class='ocrx_word' id='word_1_144' title='bbox 1353 1423 1593 1473; x_wconf 86' lang='lat' dir='ltr'>potuerant</span> <span class='ocrx_word' id='word_1_145' title='bbox 1618 1420 1769 1460; x_wconf 90' lang='lat' dir='ltr'>venire</span> 
     </span>
     <span class='ocr_line' id='line_1_19' title="bbox 122 1491 1770 1545; baseline -0.001 -12"><span class='ocrx_word' id='word_1_146' title='bbox 122 1494 178 1533; x_wconf 92' lang='lat' dir='ltr'>de</span> <span class='ocrx_word' id='word_1_147' title='bbox 208 1496 303 1533; x_wconf 91' lang='lat' dir='ltr'>tota</span> <span class='ocrx_word' id='word_1_148' title='bbox 335 1491 492 1545; x_wconf 88' lang='lat' dir='ltr'>classe,</span> <span class='ocrx_word' id='word_1_149' title='bbox 534 1496 662 1532; x_wconf 88' lang='lat' dir='ltr'>erant</span> <span class='ocrx_word' id='word_1_150' title='bbox 702 1504 782 1533; x_wconf 79' lang='lat' dir='ltr'>.XL.</span> <span class='ocrx_word' id='word_1_151' title='bbox 846 1492 1121 1532; x_wconf 89' lang='lat' dir='ltr'>Inuaserunt</span> <span class='ocrx_word' id='word_1_152' title='bbox 1153 1496 1304 1532; x_wconf 90' lang='lat' dir='ltr'>autem</span> <span class='ocrx_word' id='word_1_153' title='bbox 1340 1492 1554 1531; x_wconf 83' lang='lat' dir='ltr'>Bartham</span> <span class='ocrx_word' id='word_1_154' title='bbox 1587 1492 1770 1545; x_wconf 89' lang='lat' dir='ltr'>prouin-</span> 
     </span>
     <span class='ocr_line' id='line_1_20' title="bbox 123 1563 1771 1618; baseline -0.001 -13"><span class='ocrx_word' id='word_1_155' title='bbox 123 1565 263 1616; x_wconf 88' lang='lat' dir='ltr'>ciam,</span> <span class='ocrx_word' id='word_1_156' title='bbox 309 1577 397 1618; x_wconf 89' lang='lat' dir='ltr'>que</span> <span class='ocrx_word' id='word_1_157' title='bbox 443 1564 559 1605; x_wconf 89' lang='lat' dir='ltr'>iacet</span> <span class='ocrx_word' id='word_1_158' title='bbox 605 1564 730 1604; x_wconf 88' lang='lat' dir='ltr'>iuxta</span> <span class='ocrx_word' id='word_1_159' title='bbox 771 1564 987 1617; x_wconf 90' lang='lat' dir='ltr'>Rugiam,</span> <span class='ocrx_word' id='word_1_160' title='bbox 1035 1577 1228 1618; x_wconf 90' lang='lat' dir='ltr'>eamque</span> <span class='ocrx_word' id='word_1_161' title='bbox 1277 1563 1447 1617; x_wconf 87' lang='lat' dir='ltr'>spoliis,</span> <span class='ocrx_word' id='word_1_162' title='bbox 1495 1563 1684 1604; x_wconf 90' lang='lat' dir='ltr'>cedibus</span> <span class='ocrx_word' id='word_1_163' title='bbox 1730 1568 1771 1605; x_wconf 91' lang='lat' dir='ltr'>et</span> 
     </span>
     <span class='ocr_line' id='line_1_21' title="bbox 123 1636 1769 1687; baseline -0.001 -9"><span class='ocrx_word' id='word_1_164' title='bbox 123 1636 348 1678; x_wconf 90' lang='lat' dir='ltr'>incendiis</span> <span class='ocrx_word' id='word_1_165' title='bbox 393 1636 709 1677; x_wconf 89' lang='lat' dir='ltr'>deuastabant.</span> <span class='ocrx_word' id='word_1_166' title='bbox 801 1637 923 1677; x_wconf 92' lang='lat' dir='ltr'>Dum</span> <span class='ocrx_word' id='word_1_167' title='bbox 977 1640 1130 1677; x_wconf 92' lang='lat' dir='ltr'>autem</span> <span class='ocrx_word' id='word_1_168' title='bbox 1184 1637 1289 1676; x_wconf 91' lang='lat' dir='ltr'>inde</span> <span class='ocrx_word' id='word_1_169' title='bbox 1337 1637 1544 1677; x_wconf 90' lang='lat' dir='ltr'>recedere</span> <span class='ocrx_word' id='word_1_170' title='bbox 1591 1637 1769 1687; x_wconf 89' lang='lat' dir='ltr'>vellent,</span> 
     </span>
     <span class='ocr_line' id='line_1_22' title="bbox 124 1708 1770 1762; baseline -0.001 -12"><span class='ocrx_word' id='word_1_171' title='bbox 124 1712 371 1750; x_wconf 88' lang='lat' dir='ltr'>occurrunt</span> <span class='ocrx_word' id='word_1_172' title='bbox 403 1708 466 1748; x_wconf 91' lang='lat' dir='ltr'>eis</span> <span class='ocrx_word' id='word_1_173' title='bbox 492 1709 632 1761; x_wconf 86' lang='lat' dir='ltr'>Slaui,</span> <span class='ocrx_word' id='word_1_174' title='bbox 664 1721 863 1762; x_wconf 91' lang='lat' dir='ltr'>quorum</span> <span class='ocrx_word' id='word_1_175' title='bbox 896 1721 1090 1750; x_wconf 89' lang='lat' dir='ltr'>occursu</span> <span class='ocrx_word' id='word_1_176' title='bbox 1122 1709 1236 1749; x_wconf 89' lang='lat' dir='ltr'>adeo</span> <span class='ocrx_word' id='word_1_177' title='bbox 1261 1708 1403 1748; x_wconf 87' lang='lat' dir='ltr'>territi</span> <span class='ocrx_word' id='word_1_178' title='bbox 1429 1708 1612 1748; x_wconf 89' lang='lat' dir='ltr'>fuerunt</span> <span class='ocrx_word' id='word_1_179' title='bbox 1638 1709 1770 1759; x_wconf 90' lang='lat' dir='ltr'>Dani,</span> 
     </span>
     <span class='ocr_line' id='line_1_23' title="bbox 123 1781 1770 1835; baseline -0.002 -12"><span class='ocrx_word' id='word_1_180' title='bbox 123 1786 171 1823; x_wconf 87' lang='lat' dir='ltr'>vt</span> <span class='ocrx_word' id='word_1_181' title='bbox 206 1794 367 1822; x_wconf 91' lang='lat' dir='ltr'>omnes</span> <span class='ocrx_word' id='word_1_182' title='bbox 408 1785 557 1834; x_wconf 88' lang='lat' dir='ltr'>preter</span> <span class='ocrx_word' id='word_1_183' title='bbox 598 1785 771 1834; x_wconf 89' lang='lat' dir='ltr'>septem</span> <span class='ocrx_word' id='word_1_184' title='bbox 814 1794 956 1821; x_wconf 89' lang='lat' dir='ltr'>naues</span> <span class='ocrx_word' id='word_1_185' title='bbox 988 1781 1298 1835; x_wconf 87' lang='lat' dir='ltr'>relinquerent</span> <span class='ocrx_word' id='word_1_186' title='bbox 1328 1792 1499 1832; x_wconf 64' lang='lat' dir='ltr'>regem,</span> <span class='ocrx_word' id='word_1_187' title='bbox 1548 1793 1635 1833; x_wconf 90' lang='lat' dir='ltr'>que</span> <span class='ocrx_word' id='word_1_188' title='bbox 1677 1781 1770 1821; x_wconf 92' lang='lat' dir='ltr'>sole</span> 
     </span>
     <span class='ocr_line' id='line_1_24' title="bbox 124 1852 1771 1907; baseline -0.001 -13"><span class='ocrx_word' id='word_1_189' title='bbox 124 1866 267 1895; x_wconf 91' lang='lat' dir='ltr'>naues</span> <span class='ocrx_word' id='word_1_190' title='bbox 327 1865 477 1905; x_wconf 86' lang='lat' dir='ltr'>regem</span> <span class='ocrx_word' id='word_1_191' title='bbox 534 1853 747 1907; x_wconf 79' lang='lat' dir='ltr'>propulsa</span> <span class='ocrx_word' id='word_1_192' title='bbox 803 1853 1098 1894; x_wconf 91' lang='lat' dir='ltr'>multitudine</span> <span class='ocrx_word' id='word_1_193' title='bbox 1153 1853 1395 1894; x_wconf 89' lang='lat' dir='ltr'>Slauorum</span> <span class='ocrx_word' id='word_1_194' title='bbox 1458 1852 1771 1904; x_wconf 85' lang='lat' dir='ltr'>defenderunt,</span> 
     </span>
     <span class='ocr_line' id='line_1_25' title="bbox 125 1925 945 1979; baseline -0.001 -13"><span class='ocrx_word' id='word_1_195' title='bbox 125 1926 342 1979; x_wconf 91' lang='lat' dir='ltr'>salueque</span> <span class='ocrx_word' id='word_1_196' title='bbox 374 1925 421 1965; x_wconf 91' lang='lat' dir='ltr'>in</span> <span class='ocrx_word' id='word_1_197' title='bbox 454 1925 667 1966; x_wconf 87' lang='lat' dir='ltr'>Scaniam</span> <span class='ocrx_word' id='word_1_198' title='bbox 699 1925 945 1966; x_wconf 90' lang='lat' dir='ltr'>redierunt.</span> 
     </span>
    </p>

    <p class='ocr_par' dir='ltr' id='par_1_3' title="bbox 125 1996 1772 2123">
     <span class='ocr_line' id='line_1_26' title="bbox 213 1996 1769 2051; baseline -0.001 -13"><span class='ocrx_word' id='word_1_199' title='bbox 213 1997 375 2039; x_wconf 93' lang='lat' dir='ltr'>XVIII.</span> <span class='ocrx_word' id='word_1_200' title='bbox 453 1997 669 2051; x_wconf 89' lang='lat' dir='ltr'>Sequenti</span> <span class='ocrx_word' id='word_1_201' title='bbox 721 2001 979 2051; x_wconf 91' lang='lat' dir='ltr'>autumpno</span> <span class='ocrx_word' id='word_1_202' title='bbox 1035 1996 1207 2049; x_wconf 89' lang='lat' dir='ltr'>ingenti</span> <span class='ocrx_word' id='word_1_203' title='bbox 1261 1997 1399 2050; x_wconf 91' lang='lat' dir='ltr'>preda</span> <span class='ocrx_word' id='word_1_204' title='bbox 1453 2010 1531 2037; x_wconf 89' lang='lat' dir='ltr'>rex</span> <span class='ocrx_word' id='word_1_205' title='bbox 1578 1996 1769 2048; x_wconf 87' lang='lat' dir='ltr'>Rugiam</span> 
     </span>
     <span class='ocr_line' id='line_1_27' title="bbox 125 2068 1772 2123; baseline -0.002 -13"><span class='ocrx_word' id='word_1_206' title='bbox 125 2069 353 2123; x_wconf 90' lang='lat' dir='ltr'>spoliauit.</span> <span class='ocrx_word' id='word_1_207' title='bbox 415 2069 623 2123; x_wconf 89' lang='lat' dir='ltr'>Cumque</span> <span class='ocrx_word' id='word_1_208' title='bbox 655 2070 713 2110; x_wconf 87' lang='lat' dir='ltr'>ad</span> <span class='ocrx_word' id='word_1_209' title='bbox 746 2083 889 2110; x_wconf 90' lang='lat' dir='ltr'>naues</span> <span class='ocrx_word' id='word_1_210' title='bbox 920 2069 1097 2121; x_wconf 87' lang='lat' dir='ltr'>rediret,</span> <span class='ocrx_word' id='word_1_211' title='bbox 1139 2069 1331 2121; x_wconf 89' lang='lat' dir='ltr'>Rugiani</span> <span class='ocrx_word' id='word_1_212' title='bbox 1364 2068 1536 2109; x_wconf 87' lang='lat' dir='ltr'>fortiter</span> <span class='ocrx_word' id='word_1_213' title='bbox 1567 2068 1772 2122; x_wconf 87' lang='lat' dir='ltr'>inseque-</span> 
     </span>
    </p>
   </div>
   <div class='ocr_carea' id='block_1_3' title="bbox 126 2200 1775 3044">
    <p class='ocr_par' dir='ltr' id='par_1_4' title="bbox 126 2200 1775 3044">
     <span class='ocr_line' id='line_1_28' title="bbox 213 2200 1772 2247; baseline -0.002 -9"><span class='ocrx_word' id='word_1_214' title='bbox 213 2202 248 2238; x_wconf 95' lang='lat'>1.</span> <span class='ocrx_word' id='word_1_215' title='bbox 272 2204 312 2238; x_wconf 87' lang='lat' dir='ltr'>et</span> <span class='ocrx_word' id='word_1_216' title='bbox 334 2204 464 2238; x_wconf 83' lang='lat' dir='ltr'>totam</span> <span class='ocrx_word' id='word_1_217' title='bbox 483 2202 559 2238; x_wconf 78' lang='lat' dir='ltr'>As,</span> <span class='ocrx_word' id='word_1_218' title='bbox 621 2203 655 2238; x_wconf 93' lang='lat'>2.</span> <span class='ocrx_word' id='word_1_219' title='bbox 681 2201 875 2238; x_wconf 86' lang='lat' dir='ltr'>turbatus</span> <span class='ocrx_word' id='word_1_220' title='bbox 907 2201 1084 2237; x_wconf 91' lang='lat' dir='ltr'>absolon</span> <span class='ocrx_word' id='word_1_221' title='bbox 1109 2211 1142 2237; x_wconf 88' lang='lat' dir='ltr'>c.</span> <span class='ocrx_word' id='word_1_222' title='bbox 1165 2200 1203 2236; x_wconf 91' lang='lat' dir='ltr'>S.</span> <span class='ocrx_word' id='word_1_223' title='bbox 1265 2201 1405 2247; x_wconf 89' lang='lat' dir='ltr'>dirigit</span> <span class='ocrx_word' id='word_1_224' title='bbox 1422 2200 1513 2244; x_wconf 88' lang='lat' dir='ltr'>DV;</span> <span class='ocrx_word' id='word_1_225' title='bbox 1545 2200 1702 2246; x_wconf 90' lang='lat' dir='ltr'>recepit</span> <span class='ocrx_word' id='word_1_226' title='bbox 1718 2200 1772 2244; x_wconf 81' lang='grc' dir='ltr'>Α;</span> 
     </span>
     <span class='ocr_line' id='line_1_29' title="bbox 126 2256 1770 2306; baseline -0.001 -12"><span class='ocrx_word' id='word_1_227' title='bbox 126 2258 236 2305; x_wconf 86' lang='lat' dir='ltr'>cepit</span> <span class='ocrx_word' id='word_1_228' title='bbox 260 2258 299 2295; x_wconf 92' lang='lat' dir='ltr'>S.</span> <span class='ocrx_word' id='word_1_229' title='bbox 376 2268 678 2306; x_wconf 72' lang='lat' dir='ltr'>ogressumque</span> <span class='ocrx_word' id='word_1_230' title='bbox 704 2259 868 2305; x_wconf 79' lang='lat' dir='ltr'>scripsi3</span> <span class='ocrx_word' id='word_1_231' title='bbox 900 2268 1227 2305; x_wconf 87' lang='lat' dir='ltr'>aggressumque</span> <span class='ocrx_word' id='word_1_232' title='bbox 1250 2258 1362 2294; x_wconf 85' lang='lat' dir='ltr'>codd.</span> <span class='ocrx_word' id='word_1_233' title='bbox 1425 2258 1460 2293; x_wconf 90' lang='lat'>3.</span> <span class='ocrx_word' id='word_1_234' title='bbox 1491 2257 1532 2292; x_wconf 90' lang='lat' dir='ltr'>in</span> <span class='ocrx_word' id='word_1_235' title='bbox 1559 2260 1711 2292; x_wconf 87' lang='lat' dir='ltr'>terram</span> <span class='ocrx_word' id='word_1_236' title='bbox 1732 2256 1770 2293; x_wconf 91' lang='lat' dir='ltr'>S.</span> 
     </span>
     <span class='ocr_line' id='line_1_30' title="bbox 127 2314 1771 2362; baseline -0.002 -11"><span class='ocrx_word' id='word_1_237' title='bbox 127 2315 178 2352; x_wconf 92' lang='lat' dir='ltr'>de</span> <span class='ocrx_word' id='word_1_238' title='bbox 209 2315 347 2352; x_wconf 90' lang='lat' dir='ltr'>reditu</span> <span class='ocrx_word' id='word_1_239' title='bbox 379 2327 457 2353; x_wconf 87' lang='lat' dir='ltr'>om.</span> <span class='ocrx_word' id='word_1_240' title='bbox 486 2316 526 2361; x_wconf 94' lang='lat' dir='ltr'>S,</span> <span class='ocrx_word' id='word_1_241' title='bbox 556 2316 625 2352; x_wconf 85' lang='lat' dir='ltr'>sed</span> <span class='ocrx_word' id='word_1_242' title='bbox 652 2326 730 2362; x_wconf 81' lang='lat' dir='ltr'>pro</span> <span class='ocrx_word' id='word_1_243' title='bbox 761 2315 837 2351; x_wconf 79' lang='lat' dir='ltr'>hoc</span> <span class='ocrx_word' id='word_1_244' title='bbox 866 2314 988 2352; x_wconf 81' lang='lat' dir='ltr'>habet</span> <span class='ocrx_word' id='word_1_245' title='bbox 1018 2324 1168 2361; x_wconf 86' lang='lat' dir='ltr'>regem.</span> <span class='ocrx_word' id='word_1_246' title='bbox 1231 2316 1264 2350; x_wconf 84' lang='lat'>4.</span> <span class='ocrx_word' id='word_1_247' title='bbox 1300 2314 1440 2350; x_wconf 80' lang='lat' dir='ltr'>malim</span> <span class='ocrx_word' id='word_1_248' title='bbox 1474 2314 1524 2350; x_wconf 91' lang='lat' dir='ltr'>de</span> <span class='ocrx_word' id='word_1_249' title='bbox 1556 2314 1771 2349; x_wconf 87' lang='lat' dir='ltr'>communi</span> 
     </span>
     <span class='ocr_line' id='line_1_31' title="bbox 126 2370 1771 2420; baseline -0.001 -12"><span class='ocrx_word' id='word_1_250' title='bbox 126 2372 315 2409; x_wconf 90' lang='lat' dir='ltr'>consilio.</span> <span class='ocrx_word' id='word_1_251' title='bbox 407 2374 443 2410; x_wconf 90' lang='lat'>5.</span> <span class='ocrx_word' id='word_1_252' title='bbox 475 2373 732 2420; x_wconf 73' lang='lat' dir='ltr'>suspedisset</span> <span class='ocrx_word' id='word_1_253' title='bbox 765 2372 927 2419; x_wconf 81' lang='lat' dir='ltr'>scripsi3</span> <span class='ocrx_word' id='word_1_254' title='bbox 973 2372 1210 2418; x_wconf 89' lang='lat' dir='ltr'>expedisset</span> <span class='ocrx_word' id='word_1_255' title='bbox 1240 2371 1351 2407; x_wconf 83' lang='lat' dir='ltr'>codd.</span> <span class='ocrx_word' id='word_1_256' title='bbox 1383 2371 1470 2407; x_wconf 85' lang='lat' dir='ltr'>sine</span> <span class='ocrx_word' id='word_1_257' title='bbox 1500 2381 1629 2406; x_wconf 83' lang='lat' dir='ltr'>sensu.</span> <span class='ocrx_word' id='word_1_258' title='bbox 1720 2370 1771 2406; x_wconf 88' lang='lat' dir='ltr'>ad</span> 
     </span>
     <span class='ocr_line' id='line_1_32' title="bbox 127 2427 1772 2471; baseline -0.002 -6"><span class='ocrx_word' id='word_1_259' title='bbox 127 2429 208 2466; x_wconf 94' lang='lat' dir='ltr'>hoc</span> <span class='ocrx_word' id='word_1_260' title='bbox 240 2430 322 2466; x_wconf 90' lang='lat' dir='ltr'>DV.</span> <span class='ocrx_word' id='word_1_261' title='bbox 385 2432 419 2467; x_wconf 91' lang='lat'>7.</span> <span class='ocrx_word' id='word_1_262' title='bbox 451 2433 514 2466; x_wconf 88' lang='lat' dir='ltr'>est</span> <span class='ocrx_word' id='word_1_263' title='bbox 543 2434 633 2466; x_wconf 88' lang='lat' dir='ltr'>orta</span> <span class='ocrx_word' id='word_1_264' title='bbox 667 2430 707 2466; x_wconf 92' lang='lat' dir='ltr'>S.</span> <span class='ocrx_word' id='word_1_265' title='bbox 772 2430 806 2466; x_wconf 90' lang='lat'>8.</span> <span class='ocrx_word' id='word_1_266' title='bbox 840 2430 1007 2466; x_wconf 86' lang='lat' dir='ltr'>ancoris</span> <span class='ocrx_word' id='word_1_267' title='bbox 1038 2429 1082 2465; x_wconf 84' lang='grc' dir='ltr'>Α.</span> <span class='ocrx_word' id='word_1_268' title='bbox 1143 2430 1177 2465; x_wconf 89' lang='grc'>9.</span> <span class='ocrx_word' id='word_1_269' title='bbox 1211 2428 1403 2464; x_wconf 90' lang='lat' dir='ltr'>deliniuit</span> <span class='ocrx_word' id='word_1_270' title='bbox 1433 2427 1558 2471; x_wconf 72' lang='lat' dir='ltr'>Saxo3</span> <span class='ocrx_word' id='word_1_271' title='bbox 1591 2427 1772 2462; x_wconf 88' lang='lat' dir='ltr'>diliniuit</span> 
     </span>
     <span class='ocr_line' id='line_1_33' title="bbox 126 2484 1774 2534; baseline -0.002 -12"><span class='ocrx_word' id='word_1_272' title='bbox 126 2486 239 2522; x_wconf 84' lang='lat' dir='ltr'>codd.</span> <span class='ocrx_word' id='word_1_273' title='bbox 331 2488 392 2524; x_wconf 89' lang='lat'>10.</span> <span class='ocrx_word' id='word_1_274' title='bbox 433 2487 657 2534; x_wconf 89' lang='lat' dir='ltr'>requisiuit</span> <span class='ocrx_word' id='word_1_275' title='bbox 688 2498 765 2523; x_wconf 87' lang='lat' dir='ltr'>om.</span> <span class='ocrx_word' id='word_1_276' title='bbox 798 2487 842 2523; x_wconf 95' lang='lat' dir='ltr'>V.</span> <span class='ocrx_word' id='word_1_277' title='bbox 935 2487 996 2522; x_wconf 86' lang='lat'>12.</span> <span class='ocrx_word' id='word_1_278' title='bbox 1038 2496 1184 2522; x_wconf 90' lang='lat' dir='ltr'>versus</span> <span class='ocrx_word' id='word_1_279' title='bbox 1229 2486 1403 2521; x_wconf 73' lang='lat' dir='ltr'>scaniam</span> <span class='ocrx_word' id='word_1_280' title='bbox 1438 2485 1482 2520; x_wconf 93' lang='lat' dir='ltr'>D.</span> <span class='ocrx_word' id='word_1_281' title='bbox 1577 2484 1638 2520; x_wconf 90' lang='lat'>13.</span> <span class='ocrx_word' id='word_1_282' title='bbox 1680 2494 1774 2530; x_wconf 89' lang='lat' dir='ltr'>pro-</span> 
     </span>
     <span class='ocr_line' id='line_1_34' title="bbox 126 2541 1773 2589; baseline -0.002 -9"><span class='ocrx_word' id='word_1_283' title='bbox 126 2552 316 2589; x_wconf 90' lang='lat' dir='ltr'>gressum</span> <span class='ocrx_word' id='word_1_284' title='bbox 351 2545 395 2580; x_wconf 90' lang='lat' dir='ltr'>D.</span> <span class='ocrx_word' id='word_1_285' title='bbox 470 2545 532 2581; x_wconf 84' lang='lat'>14.</span> <span class='ocrx_word' id='word_1_286' title='bbox 565 2545 778 2580; x_wconf 91' lang='lat' dir='ltr'>venissent</span> <span class='ocrx_word' id='word_1_287' title='bbox 809 2554 924 2580; x_wconf 89' lang='lat' dir='ltr'>mare</span> <span class='ocrx_word' id='word_1_288' title='bbox 955 2543 1009 2587; x_wconf 82' lang='grc' dir='ltr'>Α;</span> <span class='ocrx_word' id='word_1_289' title='bbox 1042 2543 1169 2579; x_wconf 88' lang='lat' dir='ltr'>maris</span> <span class='ocrx_word' id='word_1_290' title='bbox 1201 2542 1412 2578; x_wconf 85' lang='lat' dir='ltr'>venissent</span> <span class='ocrx_word' id='word_1_291' title='bbox 1444 2542 1487 2578; x_wconf 92' lang='lat' dir='ltr'>V.</span> <span class='ocrx_word' id='word_1_292' title='bbox 1565 2541 1773 2587; x_wconf 78' lang='lat' dir='ltr'>procellis.</span> 
     </span>
     <span class='ocr_line' id='line_1_35' title="bbox 129 2598 1773 2648; baseline -0.003 -11"><span class='ocrx_word' id='word_1_293' title='bbox 129 2599 151 2636; x_wconf 87' lang='grc' dir='ltr'>ἰ.</span> <span class='ocrx_word' id='word_1_294' title='bbox 178 2611 208 2637; x_wconf 86' lang='lat' dir='ltr'>e.</span> <span class='ocrx_word' id='word_1_295' title='bbox 236 2600 445 2637; x_wconf 88' lang='lat' dir='ltr'>fluctibus.</span> <span class='ocrx_word' id='word_1_296' title='bbox 509 2602 571 2637; x_wconf 88' lang='lat'>15.</span> <span class='ocrx_word' id='word_1_297' title='bbox 595 2610 819 2648; x_wconf 88' lang='lat' dir='ltr'>compages</span> <span class='ocrx_word' id='word_1_298' title='bbox 851 2600 1120 2636; x_wconf 90' lang='lat' dir='ltr'>soluerentur</span> <span class='ocrx_word' id='word_1_299' title='bbox 1143 2599 1287 2645; x_wconf 82' lang='lat' dir='ltr'>scripsi</span> <span class='ocrx_word' id='word_1_300' title='bbox 1313 2599 1474 2642; x_wconf 85' lang='lat' dir='ltr'>(laxatis</span> <span class='ocrx_word' id='word_1_301' title='bbox 1499 2598 1773 2644; x_wconf 83' lang='lat' dir='ltr'>compagibus</span> 
     </span>
     <span class='ocr_line' id='line_1_36' title="bbox 127 2654 1773 2705; baseline -0.003 -11"><span class='ocrx_word' id='word_1_302' title='bbox 127 2656 273 2703; x_wconf 75' lang='lat' dir='ltr'>Saxo);</span> <span class='ocrx_word' id='word_1_303' title='bbox 304 2667 506 2705; x_wconf 85' lang='lat' dir='ltr'>compage</span> <span class='ocrx_word' id='word_1_304' title='bbox 537 2658 776 2694; x_wconf 87' lang='lat' dir='ltr'>solueretur</span> <span class='ocrx_word' id='word_1_305' title='bbox 806 2657 918 2693; x_wconf 87' lang='lat' dir='ltr'>codd.</span> <span class='ocrx_word' id='word_1_306' title='bbox 983 2658 1043 2693; x_wconf 91' lang='lat'>17.</span> <span class='ocrx_word' id='word_1_307' title='bbox 1077 2660 1301 2703; x_wconf 85' lang='lat' dir='ltr'>potuerant</span> <span class='ocrx_word' id='word_1_308' title='bbox 1325 2655 1469 2701; x_wconf 78' lang='lat' dir='ltr'>scripsi</span> <span class='ocrx_word' id='word_1_309' title='bbox 1497 2656 1560 2698; x_wconf 73' lang='lat' dir='ltr'>(ex</span> <span class='ocrx_word' id='word_1_310' title='bbox 1584 2654 1773 2697; x_wconf 40' lang='lat' dir='ltr'>Sucronem</span> 
     </span>
     <span class='ocr_line' id='line_1_37' title="bbox 127 2710 1775 2762; baseline -0.003 -11"><span class='ocrx_word' id='word_1_311' title='bbox 127 2717 358 2761; x_wconf 85' lang='lat' dir='ltr'>potuerunt</span> <span class='ocrx_word' id='word_1_312' title='bbox 389 2715 439 2761; x_wconf 80' lang='lat' dir='ltr'>S3</span> <span class='ocrx_word' id='word_1_313' title='bbox 485 2718 680 2762; x_wconf 90' lang='lat' dir='ltr'>poterant</span> <span class='ocrx_word' id='word_1_314' title='bbox 712 2715 802 2759; x_wconf 75' lang='lat' dir='ltr'>DA,</span> <span class='ocrx_word' id='word_1_315' title='bbox 847 2717 1046 2761; x_wconf 87' lang='lat' dir='ltr'>poterunt</span> <span class='ocrx_word' id='word_1_316' title='bbox 1077 2714 1122 2750; x_wconf 88' lang='lat' dir='ltr'>V.</span> <span class='ocrx_word' id='word_1_317' title='bbox 1204 2714 1264 2749; x_wconf 91' lang='lat'>18.</span> <span class='ocrx_word' id='word_1_318' title='bbox 1299 2713 1508 2758; x_wconf 86' lang='lat' dir='ltr'>sexaginta</span> <span class='ocrx_word' id='word_1_319' title='bbox 1542 2713 1623 2755; x_wconf 72' lang='lat' dir='ltr'>(Lx)</span> <span class='ocrx_word' id='word_1_320' title='bbox 1656 2710 1775 2746; x_wconf 81' lang='lat' dir='ltr'>habel</span> 
     </span>
     <span class='ocr_line' id='line_1_38' title="bbox 127 2768 1774 2817; baseline -0.003 -10"><span class='ocrx_word' id='word_1_321' title='bbox 127 2770 246 2808; x_wconf 78' lang='lat' dir='ltr'>Saxo.</span> <span class='ocrx_word' id='word_1_322' title='bbox 321 2776 459 2808; x_wconf 89' lang='lat' dir='ltr'>autem</span> <span class='ocrx_word' id='word_1_323' title='bbox 485 2783 563 2808; x_wconf 88' lang='lat' dir='ltr'>om.</span> <span class='ocrx_word' id='word_1_324' title='bbox 587 2772 664 2808; x_wconf 77' lang='lat' dir='ltr'>As.</span> <span class='ocrx_word' id='word_1_325' title='bbox 743 2772 943 2807; x_wconf 88' lang='lat' dir='ltr'>Bartham</span> <span class='ocrx_word' id='word_1_326' title='bbox 967 2771 1134 2817; x_wconf 67' lang='lat' dir='ltr'>scripsi,</span> <span class='ocrx_word' id='word_1_327' title='bbox 1166 2770 1365 2805; x_wconf 88' lang='lat' dir='ltr'>bracham</span> <span class='ocrx_word' id='word_1_328' title='bbox 1393 2769 1438 2813; x_wconf 86' lang='lat' dir='ltr'>S;</span> <span class='ocrx_word' id='word_1_329' title='bbox 1472 2769 1639 2803; x_wconf 86' lang='lat' dir='ltr'>bracam</span> <span class='ocrx_word' id='word_1_330' title='bbox 1668 2768 1774 2802; x_wconf 79' lang='lat' dir='ltr'>DVA</span> 
     </span>
     <span class='ocr_line' id='line_1_39' title="bbox 127 2824 1772 2874; baseline -0.002 -11"><span class='ocrx_word' id='word_1_331' title='bbox 127 2829 316 2872; x_wconf 88' lang='lat' dir='ltr'>(Baream</span> <span class='ocrx_word' id='word_1_332' title='bbox 342 2828 476 2874; x_wconf 78' lang='lat' dir='ltr'>Saxo).</span> <span class='ocrx_word' id='word_1_333' title='bbox 541 2830 601 2866; x_wconf 88' lang='lat'>19.</span> <span class='ocrx_word' id='word_1_334' title='bbox 633 2840 725 2865; x_wconf 85' lang='lat' dir='ltr'>eam</span> <span class='ocrx_word' id='word_1_335' title='bbox 757 2831 849 2872; x_wconf 90' lang='lat' dir='ltr'>(om.</span> <span class='ocrx_word' id='word_1_336' title='bbox 877 2830 974 2874; x_wconf 89' lang='lat' dir='ltr'>que)</span> <span class='ocrx_word' id='word_1_337' title='bbox 999 2827 1039 2864; x_wconf 93' lang='lat' dir='ltr'>S.</span> <span class='ocrx_word' id='word_1_338' title='bbox 1106 2827 1269 2863; x_wconf 83' lang='lat'>19-20.</span> <span class='ocrx_word' id='word_1_339' title='bbox 1302 2829 1341 2861; x_wconf 90' lang='lat' dir='ltr'>et</span> <span class='ocrx_word' id='word_1_340' title='bbox 1364 2825 1569 2861; x_wconf 88' lang='lat' dir='ltr'>incendiis</span> <span class='ocrx_word' id='word_1_341' title='bbox 1594 2835 1672 2860; x_wconf 88' lang='lat' dir='ltr'>om.</span> <span class='ocrx_word' id='word_1_342' title='bbox 1698 2824 1772 2860; x_wconf 75' lang='lat' dir='ltr'>AS.</span> 
     </span>
     <span class='ocr_line' id='line_1_40' title="bbox 130 2881 1774 2931; baseline -0.004 -9"><span class='ocrx_word' id='word_1_343' title='bbox 130 2885 193 2921; x_wconf 89' lang='lat'>20.</span> <span class='ocrx_word' id='word_1_344' title='bbox 226 2886 422 2922; x_wconf 89' lang='lat' dir='ltr'>recedere</span> <span class='ocrx_word' id='word_1_345' title='bbox 446 2886 567 2931; x_wconf 74' lang='lat' dir='ltr'>VAS,</span> <span class='ocrx_word' id='word_1_346' title='bbox 598 2886 736 2922; x_wconf 89' lang='lat' dir='ltr'>redire</span> <span class='ocrx_word' id='word_1_347' title='bbox 768 2885 812 2921; x_wconf 93' lang='lat' dir='ltr'>D.</span> <span class='ocrx_word' id='word_1_348' title='bbox 876 2886 939 2921; x_wconf 88' lang='lat'>21.</span> <span class='ocrx_word' id='word_1_349' title='bbox 972 2886 1250 2920; x_wconf 87' lang='lat' dir='ltr'>occurrerunt</span> <span class='ocrx_word' id='word_1_350' title='bbox 1274 2882 1348 2918; x_wconf 73' lang='lat' dir='ltr'>As.</span> <span class='ocrx_word' id='word_1_351' title='bbox 1411 2883 1473 2918; x_wconf 91' lang='lat'>22.</span> <span class='ocrx_word' id='word_1_352' title='bbox 1506 2885 1663 2927; x_wconf 87' lang='lat' dir='ltr'>septem</span> <span class='ocrx_word' id='word_1_353' title='bbox 1689 2881 1774 2924; x_wconf 74' lang='lat' dir='ltr'>As,</span> 
     </span>
     <span class='ocr_line' id='line_1_41' title="bbox 132 2937 1772 2987; baseline -0.004 -8"><span class='ocrx_word' id='word_1_354' title='bbox 132 2943 167 2978; x_wconf 91' lang='lat'>7.</span> <span class='ocrx_word' id='word_1_355' title='bbox 202 2942 257 2987; x_wconf 83' lang='lat' dir='ltr'>D3</span> <span class='ocrx_word' id='word_1_356' title='bbox 286 2953 345 2979; x_wconf 87' lang='lat' dir='ltr'>vn</span> <span class='ocrx_word' id='word_1_357' title='bbox 378 2944 492 2987; x_wconf 83' lang='lat' dir='ltr'>(corr.</span> <span class='ocrx_word' id='word_1_358' title='bbox 525 2953 575 2979; x_wconf 75' lang='lat' dir='ltr'>ex</span> <span class='ocrx_word' id='word_1_359' title='bbox 603 2943 677 2987; x_wconf 76' lang='grc' dir='ltr'>ΧΗ)</span> <span class='ocrx_word' id='word_1_360' title='bbox 709 2942 753 2978; x_wconf 89' lang='lat' dir='ltr'>V.</span> <span class='ocrx_word' id='word_1_361' title='bbox 835 2941 1097 2987; x_wconf 89' lang='lat' dir='ltr'>reliquerunt</span> <span class='ocrx_word' id='word_1_362' title='bbox 1128 2940 1203 2976; x_wconf 76' lang='lat' dir='ltr'>AS.</span> <span class='ocrx_word' id='word_1_363' title='bbox 1280 2940 1344 2975; x_wconf 91' lang='lat'>23.</span> <span class='ocrx_word' id='word_1_364' title='bbox 1379 2938 1579 2985; x_wconf 87' lang='lat' dir='ltr'>propulsa</span> <span class='ocrx_word' id='word_1_365' title='bbox 1611 2937 1772 2982; x_wconf 56' lang='grc' dir='ltr'>εει-ἰωὴ</span> 
     </span>
     <span class='ocr_line' id='line_1_42' title="bbox 132 2993 1772 3044; baseline -0.004 -10"><span class='ocrx_word' id='word_1_366' title='bbox 132 3009 207 3044; x_wconf 85' lang='lat' dir='ltr'>pro</span> <span class='ocrx_word' id='word_1_367' title='bbox 239 2999 351 3035; x_wconf 87' lang='lat' dir='ltr'>codd.</span> <span class='ocrx_word' id='word_1_368' title='bbox 428 3000 492 3036; x_wconf 89' lang='lat'>25.</span> <span class='ocrx_word' id='word_1_369' title='bbox 523 3003 728 3036; x_wconf 88' lang='lat' dir='ltr'>autumno</span> <span class='ocrx_word' id='word_1_370' title='bbox 761 2998 799 3034; x_wconf 91' lang='lat' dir='ltr'>S.</span> <span class='ocrx_word' id='word_1_371' title='bbox 869 2999 933 3033; x_wconf 90' lang='lat'>26.</span> <span class='ocrx_word' id='word_1_372' title='bbox 966 2998 1150 3033; x_wconf 87' lang='lat' dir='ltr'>redirent</span> <span class='ocrx_word' id='word_1_373' title='bbox 1182 2997 1306 3041; x_wconf 76' lang='lat' dir='ltr'>codd,</span> <span class='ocrx_word' id='word_1_374' title='bbox 1339 2995 1498 3031; x_wconf 66' lang='lat' dir='ltr'>correxi</span> <span class='ocrx_word' id='word_1_375' title='bbox 1526 3005 1575 3030; x_wconf 69' lang='lat' dir='ltr'>esc</span> <span class='ocrx_word' id='word_1_376' title='bbox 1604 2993 1772 3029; x_wconf 68' lang='lat' dir='ltr'>Saxone.</span> 
     </span>
    </p>
   </div>
   <div class='ocr_carea' id='block_1_4' title="bbox 198 3062 1567 3108">
    <p class='ocr_par' dir='ltr' id='par_1_5' title="bbox 198 3062 1567 3108">
     <span class='ocr_line' id='line_1_43' title="bbox 198 3062 1567 3108; baseline 0.002 -7"><span class='ocrx_word' id='word_1_377' title='bbox 198 3079 299 3108; x_wconf 86' lang='lat' dir='ltr'>Script.</span> <span class='ocrx_word' id='word_1_378' title='bbox 321 3079 386 3102; x_wconf 86' lang='lat' dir='ltr'>hist.</span> <span class='ocrx_word' id='word_1_379' title='bbox 411 3079 480 3102; x_wconf 82' lang='lat' dir='ltr'>Dan.</span> <span class='ocrx_word' id='word_1_380' title='bbox 502 3079 638 3102; x_wconf 82' lang='lat' dir='ltr'>minores.</span> <span class='ocrx_word' id='word_1_381' title='bbox 1527 3062 1567 3092; x_wconf 75' lang='lat'>28</span> 
     </span>
    </p>
   </div>
   <div class='ocr_carea' id='block_1_5' title="bbox 1795 922 1835 951">
    <p class='ocr_par' dir='ltr' id='par_1_6' title="bbox 1795 922 1835 951">
     <span class='ocr_line' id='line_1_44' title="bbox 1795 922 1835 951; baseline 0 0"><span class='ocrx_word' id='word_1_382' title='bbox 1795 922 1835 951; x_wconf 87' lang='lat'>10</span> 
     </span>
    </p>
   </div>
   <div class='ocr_carea' id='block_1_6' title="bbox 1797 1283 1836 1313">
    <p class='ocr_par' dir='ltr' id='par_1_7' title="bbox 1797 1283 1836 1313">
     <span class='ocr_line' id='line_1_45' title="bbox 1797 1283 1836 1313; baseline -0.026 0"><span class='ocrx_word' id='word_1_383' title='bbox 1797 1283 1836 1313; x_wconf 88' lang='lat'>15</span> 
     </span>
    </p>
   </div>
   <div class='ocr_carea' id='block_1_7' title="bbox 1797 1643 1839 1674">
    <p class='ocr_par' dir='ltr' id='par_1_8' title="bbox 1797 1643 1839 1674">
     <span class='ocr_line' id='line_1_46' title="bbox 1797 1643 1839 1674; baseline -0.048 0"><span class='ocrx_word' id='word_1_384' title='bbox 1797 1643 1839 1674; x_wconf 87' lang='lat'>20</span> 
     </span>
    </p>
   </div>
   <div class='ocr_carea' id='block_1_8' title="bbox 1797 2004 1839 2035">
    <p class='ocr_par' dir='ltr' id='par_1_9' title="bbox 1797 2004 1839 2035">
     <span class='ocr_line' id='line_1_47' title="bbox 1797 2004 1839 2035; baseline 0.024 -1"><span class='ocrx_word' id='word_1_385' title='bbox 1797 2004 1839 2035; x_wconf 85' lang='lat'>25</span> 
     </span>
    </p>
   </div>
  </div>
 </body>
</html>
