2150 3584
321 1394 361 1424 10

319 1757 360 1788 15

317 2120 358 2151 20

316 2481 357 2511 25

315 2843 357 2874 30

395 219 473 258 126
731 227 1006 258 scfflPTOREs
1037 228 1264 259 fflsromAE
1295 230 1473 259 DANICAE
1504 230 1703 260 MiNOREs

1185 343 1242 402 X

392 449 602 490 Suenone
653 459 755 500 rege
809 447 931 488 filius
982 448 1080 489 eius
1128 449 1379 502 Haraldus,
1441 464 1579 505 quem
1632 452 1691 493 ob
1745 453 2036 506 benignitatis

391 520 629 560 mollitiem
663 519 818 560 Cotem
854 520 1257 572 cognominabant,
1305 508 1651 577 (intronizatur).
1730 523 1816 564 Hic
1860 524 2036 578 primus

389 593 507 644 leges
540 591 683 632 Danis
713 592 872 632 tribuit
902 591 949 632 in
983 592 1156 646 prefato
1189 604 1347 645 regum
1380 594 1808 637 intronizandorum
1839 597 1954 638 loco.

1100 841 1224 884 CAP.
1259 843 1333 884 XI.

483 914 616 1010 Quo
642 948 856 989 defuncto
881 948 1019 988 frater
1046 948 1143 989 eius
1170 949 1375 990 Canutus
1398 949 1446 990 in
1471 961 1610 1003 regno
1637 950 1866 1003 successit,
1898 964 2032 1005 quem

390 1021 687 1063 Othoniensis
734 1020 923 1061 ecclesia
970 1025 1242 1062 coronatum
1290 1022 1510 1074 gloriatur
1558 1023 1727 1064 habere
1773 1026 2035 1077 martyrem,

389 1107 495 1146 non,
528 1098 575 1134 ut
608 1094 796 1147 quidam
829 1093 1122 1144 arbitrantur,
1168 1098 1353 1147 propter
1386 1094 1578 1135 nimiam
1610 1096 1890 1136 crudelitatis
1922 1096 2036 1136 seui-

387 1167 497 1207 tiam
531 1167 604 1207 uel
636 1167 794 1219 iugum
826 1166 1143 1219 intollerabile,
1190 1167 1313 1221 quod
1358 1167 1479 1220 plebi
1512 1167 1710 1208 crudelis
1740 1168 2035 1221 irrogauerat,

388 1226 654 1294 <necatum>;
701 1240 810 1280 hinc
856 1239 979 1281 enim
1026 1252 1163 1281 causa
1205 1241 1347 1282 extitit
1392 1242 1733 1295 persecutionis.
1795 1242 2034 1295 Tempore,

387 1326 478 1368 qno
512 1313 745 1366 potestatis
770 1312 1054 1366 plenitudine
1077 1312 1244 1364 floruit,
1276 1314 1418 1367 patris
1443 1314 1513 1354 sui
1544 1313 1788 1368 (auunculi)
1819 1327 1866 1355 se
1889 1314 2036 1355 doluit

389 1386 713 1426 exheredatum
766 1385 981 1439 potentia.
1074 1385 1274 1426 Collecto
1326 1386 1478 1440 itaque
1529 1387 1752 1427 excercitu
1799 1388 2034 1440 classeque

388 1462 634 1510 corrogata,
666 1471 756 1512 qua
788 1458 998 1510 Angliam
1031 1459 1374 1512 expugnaturus
1406 1460 1656 1511 inuaderet,
1694 1459 1741 1499 in
1773 1457 2033 1513 (Hnmlum),

387 1531 464 1584 qui
511 1534 621 1571 tunc
660 1531 880 1584 temporis
921 1534 1080 1584 portus
1121 1531 1237 1571 mari
1277 1531 1420 1572 extitit
1460 1531 1713 1584 conti9UUS,
1760 1531 1840 1572 iuiz‘
1879 1531 2033 1585 ibique

388 1603 629 1644 exercitum
671 1602 802 1643 iussit
840 1603 1099 1644 conuenire.
1164 1603 1254 1654 Qui
1292 1604 1403 1644 dum
1446 1605 1589 1645 classe
1629 1608 1898 1657 congregata
1931 1604 2034 1644 sub-

387 1675 533 1716 solani
566 1676 906 1729 prosperitatem
940 1677 1277 1729 prestolaretur,
1310 1677 1488 1718 subitus
1518 1690 1679 1718 rumor
1702 1676 1818 1729 regis
1844 1676 2034 1717 auribus

386 1747 598 1800 intonuit,
632 1748 710 1801 qui
738 1748 785 1788 in
812 1748 991 1789 Slesuik
1022 1749 1147 1801 regni
1179 1749 1487 1802 proditionem
1519 1750 1784 1803 perdoceret
1815 1753 2032 1790 exortam.

387 1820 477 1872 Qui
514 1833 651 1861 cursu
691 1820 852 1874 rapido
885 1821 1011 1861 omni
1043 1821 1305 1862 festinantia
1336 1821 1445 1863 illuc
1476 1823 1771 1874 accelerabat,
1818 1824 2034 1877 quatenus

387 1893 500 1934 illius
531 1892 884 1946 conspirationis
916 1894 1218 1947 pessundaret
1248 1894 1512 1948 primordia.
1563 1895 1666 1946 Quo
1694 1907 1800 1936 cum
1833 1894 2033 1935 uenisset

386 1970 428 2007 et
481 1965 661 2007 sceleris
716 1970 898 2006 autores
954 1966 1209 2020 captiuatos
1263 1971 1304 2008 et
1357 1967 1537 2008 uinctos
1590 1980 1670 2008 sue
1725 1967 2033 2020 mancipasset

385 2039 603 2091 custodie,
649 2039 705 2078 ad
740 2039 947 2091 classem,
995 2052 1133 2092 quam
1174 2051 1282 2080 casu
1320 2040 1566 2094 reliquerat
1595 2039 1847 2093 inopinato,
1894 2051 2031 2080 cursu

386 2124 662 2164 prepropero
694 2111 951 2164 festinabat,
984 2125 1091 2152 suos
1124 2111 1216 2152 illic
1247 2112 1492 2153 arbitratus
1523 2112 1579 2163 (se
1609 2112 1909 2166 reperturum),
1953 2112 2030 2152 ubi

385 2196 462 2224 eos
494 2197 600 2224 casu
636 2183 882 2224 dimiserat.
947 2184 1061 2225 Cum
1105 2188 1257 2225 autem
1298 2185 1355 2225 ad
1398 2185 1552 2225 locum
1586 2185 1786 2226 uenisset
1817 2184 2031 2238 predesti-

386 2260 559 2308 natum,
606 2256 937 2297 contumaciter
977 2260 1018 2296 et
1050 2257 1364 2298 inobedienter
1396 2257 1637 2298 uniuersos
1670 2258 1727 2298 ad
1761 2270 1844 2298 sua
1874 2256 2032 2297 didicit

383 2341 621 2369 remeasse.
713 2329 802 2379 Qui
864 2329 1007 2369 nimio
1069 2329 1220 2370 furore
1281 2342 1550 2382 succensus,
1611 2343 1701 2384 qua
1759 2330 2028 2370 meritorum

383 2401 809 2454 recumpensatione
837 2405 959 2442 tante
986 2401 1355 2454 transgressionis
1382 2406 1538 2443 notam
1566 2402 1840 2456 percelleret,
1873 2414 2028 2443 secum

385 2473 574 2514 sollicite
622 2477 941 2526 perscrutatur.
1034 2475 1150 2514 Nam
1208 2474 1372 2515 anxius
1427 2474 1576 2515 diuisa
1623 2477 1773 2515 mente
1818 2473 2029 2525 reuoluit,

384 2545 519 2597 rigori
558 2545 653 2586 sore
694 2546 1043 2598 detrahendum,
1091 2546 1169 2587 ubi
1211 2546 1518 2600 plurimorum
1563 2551 1732 2599 strages
1771 2546 1900 2598 iacet,
1945 2557 2030 2586 nec

384 2630 630 2658 commune
662 2618 808 2658 scelus
840 2622 963 2658 tanta
997 2623 1189 2659 nouerat
1220 2619 1481 2660 austeritate
1514 2620 1819 2673 plectendum,
1857 2621 2028 2672 quanta

385 2690 498 2730 foret
529 2702 740 2730 excessus
772 2691 947 2743 priuate
981 2704 1173 2744 persone
1205 2692 1530 2732 cohercendus.
1580 2692 1720 2732 Prout
1742 2691 1894 2745 itaque
1920 2690 2028 2742 Iegis

384 2762 504 2814 rigor
543 2763 806 2814 dictauerat,
854 2762 1044 2815 singulis
1082 2763 1465 2815 gubernatoribus
1505 2764 1806 2817 quadraginta
1848 2775 2027 2803 marcas

383 2833 679 2874 incumbebat
718 2834 1010 2887 conponendi
1053 2820 1343 2889 <necessitas>;
1389 2839 1553 2875 nautas
1594 2847 1777 2888 quoque
1823 2834 2026 2886 singulos

476 2963 532 2998 11.
565 2965 825 3009 congregata.
907 2963 968 2998 12.
1001 2967 1148 3009 portus
1188 2965 1315 3000 maris
1355 2964 1485 3000 extitit
1516 2963 1763 2999 continuum
1802 2961 1899 3011 (pro
1930 2973 2025 2998 con-

384 3016 570 3076 tigu9ii1)
616 3030 769 3066 exitum
817 3031 932 3076 ibiq3.
1031 3032 1194 3068 16-17,
1241 3032 1484 3079 quatumuis
1526 3032 1621 3080 (pro
1667 3034 1839 3078 quaten9
1883 3030 2022 3074 illius).

386 3087 449 3122 24.
482 3088 752 3134 ingressionis
784 3089 878 3133 (pro
908 3085 1223 3134 {nigressionisy
1299 3090 1363 3126 28.
1399 3089 1517 3135 regis.
