2150 3584
126 711 145 741 5

107 998 147 1028 10

108 1308 149 1338 15

109 1595 151 1625 20

113 2191 155 2221 :30

115 2478 133 2508 3
138 2479 156 2507 5

278 187 357 226 180

230 411 289 447 De
307 411 443 454 Erico,
462 410 548 446 filio
568 409 772 446 Svenonis
793 409 940 455 Magni.
1051 447 1053 452 ‚

1012 474 1031 504 5
1050 470 1053 517 A

261 535 348 575 Iste
375 534 596 582 Ericus,
628 533 751 573 filius
777 532 1000 574 Svenonis
1026 519 1081 575 O

176 591 326 644 Magni
361 595 403 631 et
425 590 562 632 frater
582 590 750 631 Kanuti
772 590 999 643 martyris,
1052 579 1055 624 ἶ

173 653 357 703 propter
381 649 575 689 multam
593 648 848 689 bonitatem
868 660 998 688 suam

173 719 429 758 cognomen
462 706 649 759 accepit,
695 709 744 746 ut
775 705 1001 746 diceretur
1053 726 1054 730 =

174 765 376 805 Bonus.
498 764 610 817 Qui,
702 763 998 816 sepulchrum

173 821 460 862 dominicum
503 821 676 871 adiens,
722 820 864 860 multa
905 833 1000 873 pre-

174 880 296 920 clara
364 879 412 919 in
474 879 631 919 itinere
693 878 770 918 illo
817 877 998 930 peregit.

173 937 303 977 Vnde
369 936 550 977 rediens
610 936 733 989 apud
797 935 1000 988 Cyprum

174 994 350 1046 defecit,
397 993 477 1034 ubi
516 997 557 1034 et
596 992 734 1045 regali
768 992 1001 1045 sepultura

176 1052 380 1105 sepultus
420 1055 497 1092 est.
572 1051 682 1091 Inde
724 1054 766 1090 et
806 1049 1002 1103 Cyprius
1054 1056 1055 1089 l

175 1109 324 1150 dictus
357 1112 434 1149 est.

234 1180 336 1216 Item
370 1180 420 1216 de
453 1180 591 1223 Erico,
622 1179 708 1215 filio
742 1178 947 1214 Svenonis

277 1240 317 1273 et
348 1237 477 1273 fratre
510 1236 663 1273 Kanuti
696 1235 904 1282 martyris.

263 1304 350 1344 Iste
370 1303 530 1344 Ericus
557 1316 610 1343 ex
629 1302 805 1343 Botilde
832 1302 1001 1354 regina,

177 1363 231 1402 de
279 1361 568 1402 nobilissima
616 1361 856 1400 Danorum
903 1373 1002 1413 pro·
1055 1361 1056 1368 ¹

177 1419 305 1472 sapia
367 1424 486 1470 orta,
551 1417 705 1470 genuit
767 1418 1001 1457 Kanutum

178 1480 447 1529 martyrem,
503 1475 750 1530 quilapud
800 1474 1003 1526 Ringsta-
1055 1491 1057 1494 ⁴

178 1534 302 1574 diam
327 1532 583 1587 requiescit,
612 1545 700 1586 que
729 1539 795 1572 est
819 1531 1000 1572 abbatia
1055 1553 1057 1568 2

178 1591 365 1643 regalis,
413 1590 491 1630 ubi
540 1602 685 1643 usque
732 1589 867 1629 hodie
914 1602 1004 1629 cre·
1056 1605 1057 1638 ς

180 1649 273 1689 bris
314 1652 357 1688 et
396 1647 606 1700 gloriosis
639 1646 875 1687 miraculis
906 1646 1004 1686 illu·
1056 1640 1057 1678 ἶ

180 1709 358 1746 stratur.
423 1706 555 1755 Nam,
603 1704 718 1745 sicut
757 1703 919 1756 legitur
957 1704 1003 1744 in
1057 1751 1058 1755 Ἰ

179 1762 439 1815 euangelio,
486 1762 580 1812 ceci
627 1762 805 1811 uident⁷
852 1761 1003 1801 claudi
1057 1760 1058 1763 ’

180 1820 441 1872 ambulant,
488 1819 655 1872 leprosi
697 1819 1003 1865 mundantur;
1057 1835 1059 1863 ι

111 1885 118 1894 “
181 1883 221 1919 et
268 1877 410 1918 multa
458 1877 547 1917 alia
588 1876 792 1929 preclara
832 1876 1005 1916 meritis
1057 1892 1058 1923 i

180 1935 325 1989 ipsius
343 1934 561 1975 dominus
578 1933 791 1986 dignatur
811 1933 1003 1986 operari.

206 2006 263 2042 De
275 2006 397 2042 beato
413 2005 590 2049 Kanuto,
605 2008 724 2052 patre
734 2004 983 2049 Valdemari,
1058 1994 1059 2041 i

416 2063 524 2109 regis
544 2063 772 2098 Danorum.
1021 2076 1038 2106 7
1058 2052 1060 2118 i

269 2129 356 2168 Iste
430 2129 686 2169 Kanutus

184 2187 422 2226 Danorum
484 2190 525 2226 et
585 2199 662 2225 rex
719 2185 1005 2235 Sclauorum‚
1058 2192 1060 2214 l

183 2256 299 2297 quos
341 2256 432 2283 non
473 2242 746 2283 hereditario
790 2243 887 2283 iure
927 2243 1004 2283 sed
1058 2226 1060 2269 ⁴

183 2301 323 2340 armis
371 2303 576 2353 potenter
622 2300 831 2340 obtinuit.
922 2299 1007 2340 Hic
1059 2330 1060 2344 ,

183 2358 346 2398 habuit
391 2370 601 2408 uxorem,
658 2357 845 2398 nomine
894 2357 1006 2408 lngi-

184 2415 359 2467 burgis,
408 2415 549 2455 filiam
600 2414 805 2466 Izizlaui,
853 2418 1007 2467 poten-

183 2472 348 2512 tissimi
403 2472 721 2512 Ruthenorum
773 2472 909 2524 regis,
967 2475 1007 2511 et

186 2529 411 2579 Christine
438 2529 601 2581 regine.
645 2529 711 2569 Ex
736 2542 825 2583 qua
854 2528 1009 2581 genuit
1060 2540 1061 2543 ’

184 2587 632 2636 Waldemarum,
757 2587 1006 2638 gloriosum

188 2645 424 2684 Danorum
457 2654 621 2695 regem.

1033 2642 1088 2696 O

272 2749 334 2784 Ad
350 2748 395 2793 A,
427 2749 603 2784 column.
630 2748 852 2784 sinistram.
916 2749 950 2784 9.
984 2747 1098 2783 Vnde
1123 2748 1311 2784 rediens:
1344 2748 1410 2793 ita,
1444 2747 1552 2793 quod
1576 2747 1715 2792 sciam,
1749 2745 1824 2782 hoc
1845 2746 1930 2781 solo
1954 2746 2036 2781 Ioco

1054 2554 1100 2643 le>

1129 519 1185 606 (Ρ

1157 694 1159 734 Ι

1157 767 1159 798 1

1154 475 1156 492 ²
1174 474 1194 504 6

618 195 894 225 SCRIPTORES
928 195 1154 225 HISTORIAE
1186 194 1365 223 DANICAE
1401 193 1600 222 MINORES

1073 310 1125 369 A

1254 409 1312 444 De
1335 407 1457 444 beato
1485 410 1669 454 martyre
1695 406 1874 451 Kanuto,
1901 416 1995 454 rege

1364 465 1582 500 Danorum
1616 465 1894 500 sanctissimo.

1299 532 1384 572 Iste
1404 532 1441 571 K
1454 544 1479 571 a
1493 535 1631 572 nutu
1643 544 1681 583 s,
1701 543 1779 571 rex
1798 531 2034 571 Danorum

1212 593 1254 629 et
1306 592 1479 642 martyr
1532 589 1755 629 innocens
1801 601 1826 628 a
1873 600 2035 628 nocen-

1212 818 1470 870 dominum,
1515 818 1738 859 miracula
1777 817 1935 859 crebra
1967 830 2036 858 us-

1213 889 1302 930 que
1334 875 1471 917 hodie
1501 879 1737 916 testantur.

1159 1353 1160 1358 .
1302 1300 1400 1353 Hie,
1415 1301 1526 1341 dum
1541 1301 1667 1353 uixit,
1684 1301 1826 1342 filiam
1839 1300 2036 1353 Roberti,
2061 1304 2098 1336 10
2124 1279 2126 1282 ’

1159 1361 1161 1367 “
1214 1358 1394 1399 comitis
1443 1358 1677 1410 Flandrie,

1734 1361 2036 1412 cognomento

1216 1417 1441 1469 Frisonis‚
1546 1415 1732 1457 nomine
1832 1415 2036 1467 Adclam,

1215 1486 1405 1514 uxorem
1438 1473 1622 1524 habuit;
1667 1473 1728 1515 de'
1753 1486 1844 1527 qua
1875 1472 2035 1519 filium,

1214 1531 1402 1572 nomine
1435 1531 1671 1583 Karolum,
1711 1534 1868 1584 postea
1901 1529 2037 1571 comi-

1214 1604 1305 1639 tem
1326 1599 1553 1651 Flandrie,
1571 1600 1736 1652 genuit.
1772 1600 1860 1640 Iste
1877 1584 2036 1653 (enim)
2062 1603 2099 1634 15
2127 1618 2129 1621 ·

1217 1658 1425 1697 Kanutus
1465 1661 1711 1712 postquam
1753 1670 1833 1710 per
1873 1660 2038 1710 marty·

1160 1726 1161 1733 ¹
1214 1715 1334 1754 rium
1363 1715 1420 1754 ad
1447 1726 1585 1766 regna
1612 1714 1792 1765 celestia
1811 1713 2036 1766 migrauit,

762 2121 855 2168 dux
923 2122 1087 2189 fuitO
1134 2074 1200 2176 (58

1215 1784 1330 1812 uxor
1356 1771 1452 1812 eius
1480 1784 1584 1812 cum
1612 1772 1808 1825 paruulo
1834 1771 1927 1812 filio
1955 1783 2036 1811 suo

1217 1829 1387 1869 Karulo
1449 1829 1506 1869 ad
1561 1833 1735 1882 patrem
1793 1841 1929 1869 suum
1991 1828 2035 1868 in

1217 1886 1483 1927 Flandriam
1515 1899 1698 1928 reuersa
1731 1890 1808 1927 est.

1260 2004 1319 2039 De
1338 2003 1506 2048 Karolo,
1523 2003 1675 2040 comite
1693 2003 1897 2048 Flandrie,
1915 2003 2001 2039 filio

1433 2061 1586 2097 Kanuti
1613 2061 1822 2107 martyris.

1303 2127 1543 2167 Karulus
1627 2131 1800 2177 autem,
1885 2138 2037 2166 comes

1218 2183 1430 2234 Flandrie
1491 2188 1647 2237 postea
1708 2184 1854 2224 factus
1912 2186 1954 2223 et
2012 2194 2037 2222 a

1217 2241 1528 2294 proditoribus
1570 2254 1653 2294 pro
1692 2240 1872 2282 iusticia
1907 2240 2038 2281 inter·
2062 2244 2099 2276 25

1217 2298 1373 2349 fectus,
1416 2299 1513 2339 sine
1553 2298 1707 2339 liberis
1745 2297 1951 2350 decessit,
1998 2299 2039 2337 et

1217 2356 1526 2408 gubernacula
1574 2356 1788 2405 Flandrie
1835 2356 1869 2394 T
1873 2355 2037 2395 heodo-

1216 2413 1325 2466 rico,
1358 2413 1636 2454 consobrino
1669 2426 1766 2464 suo,
1799 2412 1991 2466 reliquit.

1285 2479 1553 2523 (Continuatur
1574 2489 1610 2520 p.
1637 2479 1704 2511 182
1728 2479 1792 2511 col.
1818 2478 1961 2522 demta).

187 2807 402 2850 narratur,·
431 2816 479 2841 ex
502 2815 580 2851 quo
597 2807 739 2841 auctor
756 2805 998 2841 recensionis
1016 2805 1043 2841 S
1062 2805 1103 2840 in
1123 2804 1302 2840 Historia
1320 2803 1520 2841 Suenonis
1536 2803 1717 2850 A99011is
1733 2802 1812 2849 filii
1834 2804 1935 2848 (cap.
1954 2801 2033 2846 XII,

188 2862 262 2898 uid.
279 2874 317 2908 p.
340 2863 429 2907 129,
450 2863 517 2907 25)
543 2873 617 2897 sua
639 2862 811 2908 sumpsit
821 2877 834 2908 ,·
864 2863 981 2898 ceteri
1003 2872 1142 2898 omnes
1167 2864 1348 2898 auctores
1365 2862 1529 2898 Ericum
1549 2863 1653 2906 ante,
1683 2870 1807 2906 quam
1827 2860 1867 2896 in
1888 2861 2034 2896 terram

186 2921 369 2955 sanctam
400 2919 640 2965 perueniret,
676 2920 715 2955 iu
754 2919 886 2965 Cypro
919 2921 1124 2955 mortuum
1158 2929 1239 2954 esse
1269 2921 1454 2955 narrant.
1528 2918 1695 2954 22—23.
1727 2917 1769 2953 in
1801 2916 2035 2962 euangelio:

187 2976 258 3021 csr⁴
294 2976 431 3012 Matth.
468 2976 529 3017 11,
550 2977 595 3021 5,·
630 2976 722 3014 Luc.
762 2976 794 3021 ¹7,
817 2976 877 3013 22.
965 2977 1027 3012 34.
1062 2976 1248 3012 Izizlaui:
1296 2987 1388 3012 vera
1422 2975 1599 3011 nominis
1629 2974 1766 3020 forma
1798 2970 1885 3011 sine
1915 2971 2036 3009 dubio

188 3036 244 3068 est
273 3033 491 3078 Jarizlaui3
538 3044 634 3068 nam
676 3034 717 3068 in
756 3034 922 3078 epistola
956 3032 1170 3069 Absalonis
1212 3032 1435 3077 (Willzelmi
1465 3031 1630 3068 Abbaiis
1668 3032 1792 3077 epist„
1841 3029 1877 3066 S.
1913 3030 1956 3067 R.
1989 3028 2035 3065 D.

198 3101 251 3136 VI.
275 3112 313 3146 p.
340 3101 408 3145 42)
443 3102 590 3147 leqitur
623 3102 847 3147 lngiburgh
882 3102 963 3137 lilia
998 3101 1144 3137 rizlaui
1175 3100 1271 3149 (scil.
1299 3111 1377 3146 pro
1409 3099 1493 3136 filia
1525 3083 1786 3151 <ia>rizlaui).
1851 3099 1912 3134 38.
1946 3097 2038 3133 Post

190 3167 324 3202 regem
359 3158 390 3194 Α
424 3157 509 3193 luee
543 3157 661 3193 verba
694 3157 833 3194 habet:
879 3159 950 3204 qui
986 3161 1102 3204 pater
1133 3158 1264 3193 extitit
1298 3158 1449 3193 Kanuti
1483 3157 1602 3203 regis,
1645 3157 1715 3203 qui
1750 3166 1861 3191 nunc
1895 3156 2035 3201 regnat

191 3217 229 3250 in
267 3215 402 3258 Dacia,
449 3219 487 3251 et
522 3215 765 3261 Ingiburgis‚
808 3216 944 3261 regine
978 3216 1254 3259 Francorum,
1300 3225 1389 3261 quae
1433 3216 1574 3250 auctor
1604 3215 1686 3260 ipse
1716 3214 1817 3249 certe
1847 3222 1927 3248 11011
1961 3210 2036 3247 hoc

192 3272 274 3307 loeo
312 3272 457 3317 posuit,
505 3283 595 3307 eum
632 3273 769 3318 postea
810 3273 946 3308 eadem
989 3272 1106 3317 Ionye
1141 3272 1289 3317 aptiori
1320 3272 1404 3307 Ioco
1435 3270 1615 3306 (licturus
1646 3272 1761 3311 esset,·
1809 3269 1876 3305 sed
1905 3265 2033 3304 scriba

190 3329 337 3374 aliquis
369 3340 413 3364 ea
447 3340 495 3364 em·
527 3329 594 3364 illo
628 3329 711 3364 loco
743 3329 964 3374 anticipata
996 3328 1075 3364 huc
1108 3329 1213 3364 male
1244 3328 1422 3364 inseruit.

275 3401 336 3435 Ad
350 3400 391 3444 Α,
410 3401 584 3435 column.
600 3401 796 3435 dextram.
834 3402 891 3436 15.
909 3402 1017 3437 enim
1038 3400 1201 3445 addim,-
1219 3402 1318 3435 recte
1334 3399 1440 3435 euim
1462 3399 1501 3434 iu
1520 3400 1549 3435 E
1566 3398 1641 3434 hoc
1659 3399 1742 3433 Ioco
1759 3398 1861 3441 Quia
1881 3396 2032 3442 quitur.

1157 678 1158 691 .
1210 646 1334 687 tibus
1382 659 1465 700 pro
1510 645 1689 687 iusticia
1738 646 1939 696 occisus,
1988 645 2076 686 in5

1158 749 1159 752 Ἴ
1212 703 1402 744 ecclesia
1457 703 1727 745 Otheniensi
1781 701 2033 756 requiescit.

1158 761 1159 765 ’
1212 761 1302 812 Qui
1363 761 1524 816 quanti
1585 761 1641 801 sit
1701 759 1848 801 meriti
1913 760 2034 813 apud

2060 1889 2105 1920 20
2146 1920 2147 1926 ,

2111 2427 2146 2637 i
