2150 3584
567 210 860 239 coMPENDWM
895 210 1092 238 SAxoms.
1143 212 1224 238 Lm.
1259 212 1350 238 xnn
1695 201 1777 239 409

133 339 216 380 pro
255 336 357 378 rege
390 326 742 376 Swenonem,
790 323 935 364 filium
978 323 1093 375 regis
1128 324 1245 364 lirici
1281 325 1445 377 Emun,
1491 325 1584 365 Juti
1626 329 1776 364 autem

133 399 337 440 fecerunt
365 408 513 449 regem
535 397 844 448 Kanutum‚
876 396 1021 436 filium
1044 395 1194 447 Magni
1216 395 1413 447 Maligni.
1477 397 1565 446 Qui
1588 398 1779 448 Magnus

133 471 236 511 licet
277 469 504 524 pessimus
545 468 642 520 fuit,
690 468 812 509 filius
854 472 1006 508 tamen
1050 469 1258 508 Kanutus
1297 469 1427 508 valde
1469 468 1630 509 bonus.
1696 469 1780 509 Hic

136 544 345 584 Kanutus
383 526 561 596 (fretus)
601 541 771 582 auxilio
811 541 1026 581 Jutorum
1060 540 1338 581 Sialendiam
1384 540 1571 580 intrauit
1609 554 1661 581 ac
1702 555 1779 593 per

134 613 449 656 internuncios
505 613 733 654 Eskillum
791 612 1189 666 archiepiscopum
1246 626 1269 652 a
1328 613 1549 653 Swenone
1603 613 1775 653 auertit.

134 687 394 739 Intelligens
441 686 625 732 sweno,
682 685 1083 739 archiepiscopum
1131 684 1217 725 sibi
1265 685 1451 736 falsum,
1510 698 1613 725 eum
1662 685 1779 738 cepit

133 759 377 814 posuitque
423 758 469 799 in
516 758 630 799 turri
678 758 822 799 sancti
870 757 1109 809 Laurencij
1155 757 1352 807 Lundie;
1413 761 1565 798 tamen
1612 758 1777 798 timens

133 831 668 873 excommunicacionem
716 843 810 871 non
858 830 1008 871 solum
1057 843 1161 870 eum
1207 829 1401 870 libertati
1441 830 1653 880 restituit,
1700 831 1776 870 sed

133 905 277 946 eciam
319 915 534 957 magnam
576 907 752 957 partem
786 902 1097 944 Borendholm
1139 914 1220 954 pro
1260 903 1451 943 emenda
1484 902 1777 943 condonauit.

133 979 242 1018 Post
293 977 378 1018 hec
424 977 586 1033 Sweno
639 975 862 1030 pugnauit
907 988 1012 1016 cum
1062 975 1244 1015 Kanuto
1293 974 1416 1015 iuxta
1464 975 1778 1028 Slangethorp>

132 1061 390 1104 magnaque
429 1052 575 1102 strage
607 1049 724 1089 facta
757 1061 861 1088 eum
895 1048 940 1088 in
973 1047 1156 1088 Juciam
1190 1047 1385 1099 fugauit3
1432 1047 1596 1088 deinde
1635 1047 1778 1088 victor

131 1123 178 1163 in
235 1121 448 1164 Scaniam
504 1125 570 1162 est
621 1134 846 1162 reuersus.
939 1121 1006 1160 Eo
1058 1123 1263 1173 tempore
1319 1132 1437 1172 papa
1498 1133 1576 1172 per
1636 1123 1776 1160 totam

133 1194 521 1237 Christianitatem
578 1206 760 1234 crucem
818 1192 1041 1247 predicari
1097 1192 1200 1233 fecit
1253 1196 1410 1233 contra
1463 1203 1686 1245 paganos,
1733 1196 1778 1232 vt

133 1267 379 1310 Christiani
425 1267 592 1320 vbique
639 1277 842 1320 paganos
890 1265 977 1306 sibi
1024 1265 1267 1306 viciniores
1315 1265 1590 1305 infestarent.
1660 1265 1777 1314 Qua-

131 1344 316 1394 propter
334 1340 496 1381 Sweno
516 1343 557 1380 et
576 1340 798 1391 Kanutus,
826 1342 1007 1390 treugas
1024 1338 1141 1378 inter
1159 1351 1204 1378 se
1223 1337 1452 1388 facientes,
1481 1349 1774 1378 communem

132 1412 378 1454 exercitum
426 1412 472 1452 in
519 1411 723 1452 Slauiam
770 1411 1078 1465 perfecerunt3
1124 1410 1201 1451 vbi
1247 1410 1384 1450 rebus
1430 1423 1522 1450 non
1563 1422 1777 1463 prospere

130 1485 266 1538 gestis
296 1485 542 1536 redierunt,
589 1484 750 1525 Sweno
790 1484 837 1524 in
871 1483 1150 1524 Sialendiam
1188 1487 1230 1524 et
1262 1484 1470 1523 Kanutus
1502 1482 1548 1522 in
1580 1481 1775 1522 Juciam.

132 1557 380 1600 Renouatis
420 1557 556 1609 igitur
596 1556 770 1609 guerris
810 1556 972 1598 Sweno
1014 1556 1299 1597 Roskildiam
1347 1555 1529 1596 fossatis
1571 1558 1612 1594 et
1658 1554 1776 1594 vallo

132 1630 331 1671 muniuit
355 1630 598 1684 posuitque
621 1630 669 1670 in
695 1642 746 1670 ea
765 1629 1016 1683 prefectum
1036 1629 1291 1680 Ebbonem,
1317 1627 1462 1668 filium
1484 1626 1774 1668 Skialmonis.

131 1704 267 1754 Quod
310 1702 502 1743 audiens
543 1703 753 1743 Kanutus
794 1702 970 1742 occulte
1011 1701 1290 1743 Sialendiam
1334 1700 1521 1741 intrauit
1559 1699 1776 1752 improui-

131 1776 329 1829 damque
378 1774 664 1815 Roskildiam
711 1775 841 1828 cepit,
889 1787 943 1815 ac
988 1775 1110 1815 bona
1144 1774 1351 1814 Ebbonis
1398 1774 1455 1813 ad
1503 1772 1773 1813 Swenonem

131 1847 273 1901 elapsi
318 1847 532 1888 incendio
578 1847 878 1901 consumpsit.
942 1848 1116 1888 Interea
1163 1845 1438 1887 nobilissimi
1476 1846 1691 1886 Jutorum
1735 1848 1776 1885 et

131 1920 178 1961 in
209 1920 346 1961 rebus
378 1920 552 1961 bellicis
583 1920 778 1974 reputati
810 1920 857 1960 in
890 1920 1071 1960 duabus
1103 1919 1295 1959 liburnis
1332 1919 1389 1958 ad
1423 1918 1696 1959 Swenonem
1729 1929 1775 1957 se

131 1993 434 2034 contulerunt.
512 1992 762 2033 Interiectis
808 1992 971 2033 diebus
1018 1992 1363 2043 Waldemarus,
1415 1990 1559 2031 sancti
1609 1989 1775 2031 Kanuti

131 2065 261 2107 ducis
299 2064 435 2116 filius,
482 2065 574 2106 iam
615 2065 765 2119 primo
804 2064 945 2106 armis
984 2068 1132 2118 aptuS,
1179 2064 1285 2105 odio
1325 2064 1500 2104 habens
1540 2063 1773 2103 Kanutum

131 2141 315 2191 propter
353 2142 528 2191 patrem
568 2137 666 2179 eius
699 2138 932 2190 Magnum,
980 2136 1194 2178 Swenoni
1232 2136 1377 2177 eciam
1411 2149 1456 2177 se
1488 2135 1655 2184 iunxit;
1702 2134 1774 2175 cui

132 2211 293 2252 Sweno
350 2210 542 2251 contulit
597 2211 816 2251 ducatum
865 2210 1232 2261 Sleswicensem,
1293 2221 1430 2262 quem
1486 2212 1613 2261 pater
1665 2220 1774 2248 suus

131 2283 352 2323 habuerat
384 2282 523 2336 prius.
573 2283 735 2323 Sweno
766 2282 914 2334 igitur,
946 2282 1121 2323 viribus
1153 2281 1444 2331 habundans,
1476 2283 1520 2320 in
1555 2279 1772 2320 Feoniam

218 2386 254 2422 4.
287 2384 419 2421 fretus
451 2385 593 2421 addidi
625 2395 674 2420 ex
703 2384 873 2420 Saxone.
959 2384 1154 2420 iustorum
1188 2383 1234 2427 V,
1272 2383 1339 2418 sed
1371 2382 1412 2418 in
1447 2383 1640 2418 Iutonum
1673 2393 1774 2418 corr.

129 2442 222 2487 fort.
254 2441 317 2478 V2.
409 2443 444 2478 6.
478 2442 629 2478 falsum
661 2443 706 2485 Α,
755 2441 937 2488 idemque
967 2440 1171 2486 siqnifical
1202 2440 1268 2476 ssth
1297 2440 1343 2483 V,
1388 2439 1455 2475 sed
1494 2439 1569 2474 hoc
1607 2449 1656 2474 em
1690 2439 1775 2475 filifi

132 2499 352 2535 correxisse
384 2499 460 2535 vid.
495 2499 568 2544 Vl,
614 2499 825 2535 infidelem
866 2499 904 2534 S.
983 2498 1092 2533 7—9.
1128 2502 1178 2533 no
1210 2495 1305 2545 (pro
1336 2495 1396 2544 ἰῇ)
1436 2499 1460 2532 t.
1495 2497 1774 2532 excommuni-

133 2557 360 2593 cacionem.
450 2557 525 2592 Cui
579 2559 724 2602 postea
782 2567 864 2591 non
920 2555 1055 2591 solum
1118 2554 1351 2590 libertatem
1414 2554 1485 2589 sed
1547 2553 1677 2589 eciam
1735 2554 1773 2590 S.

135 2614 172 2649 8.
206 2613 447 2650 liberalitati
479 2614 523 2649 V.
585 2614 619 2649 9.
652 2615 812 2660 partem
846 2621 1038 2658 magnam
1072 2611 1116 2647 V.
1190 2611 1441 2648 borenholm
1476 2610 1515 2646 S.
1582 2611 1644 2646 10.
1679 2621 1773 2646 cum

131 2681 208 2707 om.
234 2671 280 2707 V.
344 2671 509 2707 10—11.
545 2670 831 2716 slangesthorp
863 2678 1096 2715 magnaque
1126 2671 1173 2704 st.
1198 2668 1222 2704 f.
1248 2669 1300 2713 V,
1335 2667 1577 2714 slangedorp
1611 2677 1776 2714 magna-

133 2730 218 2763 tum
258 2726 334 2776 (vel
366 2737 514 2774 magna
547 2725 659 2775 cum)
697 2731 744 2763 st.
783 2727 808 2762 f.
841 2728 892 2771 A,
940 2726 1130 2772 slangorp
1172 2725 1279 2761 facta
1320 2736 1371 2760 m.
1412 2728 1458 2760 st.
1491 2724 1530 2760 S.
1624 2725 1683 2760 12.
1725 2726 1774 2760 Et

130 2787 319 2831 tempore
351 2786 396 2821 Α.
475 2785 535 2821 13.
567 2785 776 2831 predicari
809 2794 975 2820 crucem
1009 2783 1084 2818 As.
1164 2783 1224 2819 16.
1257 2782 1497 2823 exercitum,
1537 2781 1557 2816 ι’.
1590 2793 1620 2817 e.
1655 2793 1773 2828 expe-

131 2841 351 2878 dicionem.
446 2842 506 2878 18.
547 2842 768 2878 Reuocatis
811 2841 886 2877 As.
978 2840 1040 2876 19.
1085 2840 1335 2885 skyalmonis
1374 2840 1424 2882 Α;
1475 2838 1694 2874 skelmonis
1734 2839 1772 2874 S.

132 2899 195 2935 20.
235 2899 398 2935 occulte
438 2909 517 2935 om.
552 2899 591 2935 S.
681 2899 745 2934 22.
786 2898 973 2934 nobiliss.
1017 2898 1211 2933 Jutorum
1251 2896 1473 2944 (iustorum
1507 2893 1572 2943 V):
1619 2895 1669 2931 ab
1711 2895 1773 2931 his

133 2954 262 2991 verbis
291 2967 434 2991 rursus
466 2956 608 3001 incipit
639 2956 684 2991 D.
745 2956 808 2991 24.
841 2955 1108 2990 valdemarus
1135 2954 1176 2998 S,
1207 2955 1243 2989 et
1271 2954 1328 2989 sic
1357 2953 1504 2998 soepius
1535 2952 1646 2988 codd.
1660 2966 1670 2995 ,·
1701 2963 1772 2998 eqo

133 3012 339 3058 ubiqueW
355 3012 497 3049 scribo.
556 3012 756 3059 28.prius
774 3012 987 3056 habuitA3
1013 3011 1174 3058 primus
1192 3010 1340 3046 habuit
1355 3010 1395 3046 S.
1458 3009 1678 3045 abundans
1696 3010 1771 3046 DS.

132 3070 356 3116 pheoniam
389 3069 465 3106 AS.

1805 622 1823 650 5

1807 983 1847 1013 10

1806 1344 1845 1374 15

1803 1707 1844 1737 20

1801 2072 1842 2101 25
