2150 3584
584 174 879 203 COMPENDIVM
912 174 1111 203 sAxoms.
1161 176 1239 203 mn.
1276 177 1316 204 ix
1694 167 1767 205 341

126 288 243 340 regis
276 287 507 341 processit.
558 288 678 328 Dum
710 290 861 327 autem
890 293 1121 341 serpentes
1147 302 1252 329 eum
1278 289 1562 339 inuaderent‚
1595 303 1777 331 morsus

127 374 286 402 eorum
334 360 501 413 clipeo,
557 372 786 400 venenum
842 364 994 400 autem
1044 361 1218 413 excepit
1265 361 1448 415 hispido
1495 366 1775 414 teguinento;

127 433 294 487 quibus
327 431 587 483 interfectis,
634 431 745 472 dum
779 445 857 472 rex
889 445 992 472 eum
1027 432 1199 473 videret
1232 438 1322 474 tam
1359 435 1548 487 hyrsuto
1582 435 1777 486 tegmine

126 505 292 559 operiri
324 509 366 545 et
398 504 654 558 specialiter
685 504 855 545 bracha
890 508 982 544 tam
1018 505 1192 554 villosa,
1237 519 1340 546 eum
1376 507 1666 558 Lothbrog
1700 520 1778 560 per

126 577 378 618 ludibrium
425 577 687 630 appellauit.
764 578 958 630 Accepta
1008 577 1142 629 igitur
1182 577 1357 627 Thora,
1405 579 1519 630 regis
1570 579 1683 630 lilia,
1730 580 1774 619 in

126 663 327 700 vxorem,
360 649 515 700 genuit
539 663 592 690 ex
616 662 667 689 ea
695 649 814 689 filios
835 649 1149 700 Rathbertum‚
1184 650 1478 702 Dunwatum,
1505 651 1776 701 Sbvardum,

127 724 294 776 Byorn,
340 722 571 774 Agnerum
612 725 654 762 et
692 722 922 762 Ywarum.
987 722 1162 762 Interea
1208 722 1303 763 Juti
1350 727 1391 763 et
1438 723 1571 764 Scani
1619 729 1776 765 contra

130 796 385 847 Regnerum
425 795 657 847 quendam
693 794 948 834 Haraldum
982 807 1120 847 super
1152 808 1198 834 se
1229 807 1377 847 regem
1414 795 1638 845 fecerunt3
1685 810 1776 851 quo

127 867 284 908 audito
318 867 548 918 Regnerus
588 866 635 906 in
669 866 957 918 Norwegiam
999 866 1181 907 mittens
1223 867 1446 908 auxilium
1491 869 1775 921 precabatur.

127 940 258 980 Tunc
296 939 553 991 Lathgerta,
600 939 836 992 quondam
879 939 976 979 eius
1015 952 1140 991 vxor,
1187 939 1433 980 immemor
1472 941 1647 993 repudij
1690 942 1775 981 sibi

126 1011 231 1052 facti
273 1011 350 1052 sed
384 1024 562 1052 memor
594 1011 773 1064 pristini
806 1012 991 1063 amoris,
1039 1011 1076 1051 ei
1112 1024 1216 1052 cum
1251 1013 1394 1052 classe
1428 1024 1550 1053 cxx.
1584 1013 1774 1053 nauium

126 1084 171 1124 in
211 1084 435 1124 auxilium
476 1083 610 1125 venit.
674 1084 796 1124 Dum
836 1083 972 1135 igitur
1004 1085 1236 1136 Regnerus
1275 1089 1431 1125 contra
1467 1086 1638 1126 Soanos
1670 1097 1775 1138 pug-

127 1160 267 1208 naret,
299 1157 506 1208 Ywarus,
539 1156 661 1196 filius
687 1156 798 1207 eius,
832 1156 1079 1209 septimum
1106 1167 1244 1208 agens
1271 1170 1461 1207 annum,
1486 1158 1631 1198 virilia
1661 1158 1777 1198 facta

127 1229 172 1269 in
205 1230 324 1270 bello
357 1229 513 1280 gessit;
561 1228 793 1269 Siwardus
826 1232 993 1279 autem,
1033 1229 1146 1268 alter
1177 1229 1312 1281 filius,
1346 1240 1483 1280 graue
1514 1230 1577 1270 ibi
1610 1231 1778 1271 vulnus

126 1302 305 1355 recepit.
369 1301 504 1352 Quod
553 1301 713 1342 videns
760 1301 983 1341 exercitus
1026 1301 1217 1353 Regneri
1264 1302 1418 1353 fugam
1466 1302 1642 1351 inisset,
1690 1302 1777 1342 nisi

128 1375 358 1426 Regnerus
405 1378 446 1414 et
486 1374 741 1426 Lathgerta,
789 1387 876 1426 que
923 1374 1305 1426 incomparabilia
1351 1374 1467 1414 facta
1515 1375 1577 1414 ibi
1624 1375 1777 1424 edidit,

126 1446 443 1488 occurrissent.
505 1446 713 1486 Tandem
758 1447 905 1486 soluta
947 1446 1042 1485 acie
1085 1446 1273 1486 Haraldi
1318 1432 1450 1500 (ipse)
1498 1459 1576 1499 per
1622 1447 1776 1498 fugam

127 1519 284 1560 euasit.
347 1519 578 1560 Siwardus
619 1521 773 1558 autem
816 1519 925 1558 dum
974 1531 1000 1558 a
1041 1519 1231 1559 medicis
1277 1519 1608 1572 desperaretur,
1655 1520 1778 1559 venit

126 1592 312 1645 quidam
348 1591 666 1643 grossissimus
698 1591 754 1630 ad
788 1591 956 1630 lectum
992 1591 1102 1639 eius,
1151 1592 1395 1632 Rostarum
1437 1604 1483 1631 se
1516 1591 1777 1643 nominans,

126 1664 427 1718 promisitque
460 1663 499 1704 ei
531 1663 683 1704 statim
718 1663 973 1711 sanitatem,
1017 1664 1273 1704 dummodo
1311 1663 1446 1704 vellet
1477 1663 1562 1703 sibi
1595 1664 1775 1704 animas

126 1749 283 1777 eorum
325 1736 548 1787 dedicare,
596 1748 713 1789 quos
754 1735 799 1775 in
842 1735 961 1775 bello
1001 1749 1305 1789 oppressurus
1346 1739 1458 1785 erat;
1506 1736 1628 1789 quod
1670 1748 1775 1776 cum

124 1809 199 1848 ille
246 1809 438 1849 libenter
483 1812 717 1855 annueret,
768 1808 920 1847 statim
968 1821 1105 1848 senex
1152 1808 1438 1861 putredinem
1488 1809 1543 1848 de
1590 1809 1776 1848 vulnere

126 1881 281 1921 eduxit
312 1893 573 1934 sanansque
606 1880 752 1920 solam
785 1880 1041 1920 cicatricem
1076 1881 1269 1933 reliquit.
1330 1881 1433 1931 Quo
1467 1880 1585 1920 facto
1617 1881 1776 1921 oculos

75 1987 79 1990 .
125 1953 316 1994 Siwardi
362 1954 565 2007 quodam
612 1953 801 2006 puluere
848 1952 1060 2005 perfudit,
1113 1966 1166 1992 ex
1213 1966 1305 2007 quo
1352 1957 1594 1993 creuerunt
1641 1966 1777 2005 super

123 2026 281 2067 oculos
313 2026 444 2079 quasi
477 2025 801 2065 similitudines
836 2025 1076 2075 vermium,
1109 2029 1154 2065 vt
1181 2025 1396 2065 terribilis
1424 2025 1547 2065 fieret
1574 2029 1775 2078 aspectu,

123 2099 396 2151 pretendens
442 2111 572 2138 suam
621 2097 822 2137 futuram
871 2097 1114 2143 seuiciam;
1176 2097 1415 2150 dictusque
1470 2101 1534 2136 est
1581 2097 1640 2137 ob
1687 2098 1775 2137 hoc

126 2170 321 2211 Siwarth
355 2170 737 2222 Hugwormsesgh.

209 2330 244 2366 2.
279 2331 503 2375 tegimento
529 2330 572 2366 A.
636 2330 671 2366 3.
706 2340 800 2364 eum
834 2340 905 2364 rex
934 2329 1012 2365 vid.
1032 2329 1084 2373 V;
1116 2339 1187 2364 rex
1214 2329 1294 2365 vid.
1320 2340 1415 2364 eum
1444 2329 1482 2364 S.
1557 2332 1704 2375 yrsuto
1723 2329 1774 2365 A:

123 2387 286 2422 hirsuto
320 2387 396 2423 VS.
479 2390 605 2433 teng
631 2387 684 2432 D3
717 2387 837 2432 tegiffi
867 2386 911 2433 V.
982 2387 1015 2421 4.
1051 2386 1221 2421 brachia
1256 2386 1309 2430 V;
1341 2386 1516 2421 bracha²l
1550 2386 1588 2421 S.
1670 2386 1775 2421 loth-

122 2444 255 2490 brogh
289 2442 361 2488 D33
392 2444 590 2479 lothbroc
621 2444 675 2487 V;
707 2443 907 2479 lothbrok
941 2442 1013 2485 A¹;
1046 2443 1273 2478 lothbrook
1308 2441 1437 2486 S(A⁴2).
1501 2444 1536 2478 5.
1570 2442 1695 2478 filiam
1731 2442 1774 2478 A.

123 2502 158 2537 6.
191 2501 435 2538 dimwatum
462 2501 501 2538 S.
565 2501 598 2537 7.
631 2500 752 2537 biorn
772 2501 825 2543 V;
858 2500 992 2545 byorn
1023 2499 1060 2535 S.
1138 2500 1314 2535 iwarum
1339 2501 1377 2535 S.
1454 2500 1701 2536 Scanienses
1728 2500 1772 2535 A.

123 2559 159 2594 9.
202 2558 403 2594 nuncium
446 2560 540 2594 ante
571 2558 740 2593 mittens
772 2557 864 2592 add.
897 2557 935 2593 S.
1029 2558 1090 2592 10.
1130 2556 1309 2592 condam
1344 2556 1383 2593 S.
1480 2558 1541 2592 14.
1580 2558 1697 2602 graui
1732 2556 1772 2592 S.

125 2627 187 2663 15.
227 2627 389 2673 accepit
418 2627 462 2662 A.
534 2626 655 2670 Quod
688 2626 864 2661 audiens
899 2626 942 2661 D.
1020 2636 1071 2661 .n.
1105 2626 1198 2670 (pro
1232 2619 1322 2662 1¹1:
1347 2625 1440 2668 nisi)
1464 2626 1508 2661 V.
1575 2625 1634 2660 16.
1668 2624 1773 2660 facta

123 2683 180 2719 ibi
213 2683 320 2720 facta
354 2685 408 2728 ὓς
454 2684 511 2719 ibi
544 2684 652 2719 facta
686 2683 724 2719 S.
807 2683 1030 2718 ediderunt
1062 2682 1105 2717 A.
1188 2683 1350 2717 1748.
1385 2682 1568 2717 Tandem
1591 2682 1775 2717 ..euasit

124 2751 201 2777 om.
249 2741 287 2777 S.
395 2741 456 2776 17.
503 2741 593 2787 ipse
637 2739 731 2788 (ipe)
776 2739 919 2775 addidi
964 2749 1013 2774 ex
1057 2738 1228 2774 Saxone.
1350 2740 1410 2775 18.
1461 2739 1686 2785 Sywardus
1734 2738 1774 2781 S,

125 2799 167 2832 111
196 2798 354 2843 soepius.
448 2798 510 2834 19.
544 2797 776 2843 grossimus
812 2797 856 2832 D.
949 2796 1012 2832 20.
1046 2796 1237 2841 promisit
1274 2798 1366 2837 (om.
1399 2797 1495 2842 que)
1529 2795 1604 2830 AS.
1694 2795 1773 2830 sibi

125 2854 245 2890 vellet
273 2855 348 2891 AS.
411 2856 474 2891 21.
507 2855 676 2890 illorum
707 2854 740 2889 V
773 2851 919 2897 (Saxo).
995 2857 1206 2899 oppsurus
1241 2853 1285 2888 D.
1351 2853 1412 2888 23.
1446 2853 1695 2898 cycatricein
1729 2852 1775 2887 A.

124 2912 187 2947 27.
236 2911 424 2948 Siwaerth
474 2913 525 2956 D3
587 2911 752 2947 Sivarth
800 2911 852 2954 A;
914 2909 1103 2945 Siwardli
1152 2909 1192 2945 S.
1302 2909 1673 2955 hugwormessogh
1723 2910 1773 2952 A;

125 2968 438 3014 hugormshoge
470 2969 510 3004 S.-

191 3048 292 3077 Script.
314 3049 379 3071 hist.
400 3049 471 3071 Dan.
495 3049 631 3071 minores.
1525 3034 1566 3064 23

1803 585 1821 614 5

1805 949 1845 979 10

1805 1310 1845 1340 15

1803 1673 1845 1703 20

1802 2035 1843 2065 25
