2150 3584
350 225 432 264 228
679 231 954 261 SCRIPTORES
987 230 1214 259 HisromAE
1249 229 1425 257 DANICAE
1458 227 1659 257 M1NOREs

437 348 510 389 XI.
560 345 736 387 Accidit
769 348 938 398 postea,
971 347 1018 385 vt
1035 344 1174 384 Tosto
1208 343 1396 396 quidam
1431 343 1486 382 de
1515 342 1662 393 Jucia,
1695 341 2002 382 Facinorosus

351 420 674 473 agnominatus
702 421 885 471 propter
910 417 1053 456 multa
1085 416 1220 466 mala,
1253 428 1341 469 que
1374 414 1539 454 fecerat
1571 412 1693 466 (nam
1726 426 1819 454 non
1852 414 2001 453 solum

351 493 397 532 in
430 492 682 543 indigenas,
716 491 791 530 sed
827 489 971 530 eciam
1000 489 1046 528 in
1074 492 1314 528 extraneos
1339 499 1530 527 manum
1557 484 1708 538 misit),
1742 485 2004 543 Sigfrislurn,

353 566 517 605 ducem
551 562 759 613 Saxouie,
780 558 877 615 'per
910 562 1081 602 bellum
1116 560 1273 612 coegit,
1318 563 1364 600 vt
1396 558 1482 599 sibi
1516 559 1668 599 socius
1701 562 1816 599 esset
1847 561 2004 598 contra

307 642 326 672 5
356 637 632 688 Hadingum.
695 635 731 674 A
778 647 869 687 quo
913 633 1150 684 Hadingns
1193 631 1392 672 terrestri
1441 631 1559 671 bello
1608 634 1847 683 superatus
1894 630 2006 682 fugit

353 714 488 763 atque
521 709 577 748 ad
611 708 803 748 classem
838 696 1031 746 vacuam
1066 704 1281 745 Tostonis
1313 703 1447 745 venit.
1512 703 1721 743 Nauibus
1759 702 1896 754 igitur
1927 715 2006 755 per

355 783 492 822 latera
519 780 759 834 perforatis
786 779 883 831 ipse
910 779 1131 831 scapham
1157 777 1410 817 ascendens
1438 788 1517 828 per
1545 788 1670 815 mare
1697 774 1819 827 fugit.
1866 775 2005 815 Tosto

355 858 508 894 autem
541 853 693 906 ipsum
728 852 773 891 in
807 851 925 891 bello
956 850 1160 891 occisum
1189 852 1369 902 putans,
1402 849 1513 888 dum
1541 860 1643 887 eum
1673 847 1789 887 inter
1814 859 2006 900 corpora

356 930 645 966 mortuorum
687 923 894 964 inuenire
933 936 1025 963 non
1073 925 1238 975 posset,
1287 921 1344 960 ad
1384 920 1578 960 classem
1625 931 1855 972 regressus
1894 919 2008 960 vidit

289 1004 329 1034 10
356 999 487 1050 longe
529 998 576 1037 in
617 996 733 1036 mari
775 996 995 1048 scapham
1044 995 1357 1034 fluctuantem.
1420 992 1684 1033 Ascendens
1723 991 1859 1043 igitur
1905 991 2007 1041 cito,

357 1070 552 1122 nauigiis
599 1070 709 1109 dum
757 1068 909 1121 ipsum
958 1066 1137 1121 insequi
1184 1065 1390 1119 cepisset,
1442 1068 1626 1118 propter
1672 1063 2007 1104 subintrantem

356 1156 525 1197 aquam
558 1142 631 1183 vix
663 1142 719 1181 ad
754 1141 860 1180 litus
891 1140 1037 1180 redire
1079 1138 1237 1192 potuit.
1300 1138 1508 1178 Tandem
1548 1136 1769 1190 reparatis
1809 1136 2008 1176 nauibus

358 1220 398 1255 et
431 1214 792 1268 insequentibus,
825 1213 934 1252 dum
965 1211 1204 1263 Hadingus
1233 1224 1279 1251 se
1304 1210 1449 1262 vrgeri
1482 1208 1779 1262 conspiceret,
1811 1208 2010 1262 quesiuit

358 1301 383 1328 a
432 1287 577 1338 socio,
630 1286 666 1326 si
715 1285 903 1325 natandi
951 1287 1093 1324 artem
1142 1283 1349 1332 haberet3
1411 1295 1502 1336 quo
1549 1285 1742 1333 negante
1788 1281 2009 1334 scapham

291 1367 330 1396 15
359 1359 519 1401 euertit
564 1371 618 1398 ac
665 1359 826 1398 subtus
873 1357 919 1396 in
967 1355 1252 1396 concauitate
1299 1354 1433 1394 nauis
1480 1367 1526 1394 se
1574 1352 1782 1394 saluauit.
1870 1354 2009 1394 Tosto

358 1432 506 1483 igitur,
554 1431 743 1471 credens
784 1443 889 1470 eum
931 1429 1237 1472 submersum.
1286 1427 1343 1467 ad
1385 1426 1490 1466 litus
1532 1426 1684 1475 rediit3
1732 1429 1774 1465 et
1812 1426 1924 1466 dum
1963 1425 2010 1465 in

360 1503 626 1555 colligendis
659 1502 816 1555 spoliis
850 1505 1101 1554 occupatus
1135 1504 1264 1551 esset,
1299 1499 1538 1550 Hadingus
1571 1511 1676 1539 cum
1710 1498 1860 1550 sociis,
1894 1511 2011 1552 quos

360 1576 528 1616 habere
575 1575 735 1628 potuit,
784 1573 1050 1627 superuenit
1097 1577 1139 1612 et
1184 1573 1434 1612 Tostonem
1483 1571 1528 1611 in
1577 1571 1731 1623 fugam
1779 1571 1886 1623 egit,
1933 1570 2011 1623 qui

362 1652 518 1702 postea
551 1648 596 1687 in
630 1647 782 1687 duello
816 1650 882 1687 est
914 1646 1091 1686 occisus
1125 1645 1182 1685 ab
1219 1644 1442 1695 Hadingo.

293 1729 335 1758 20
449 1721 545 1760 XII.
625 1720 724 1759 Hiis
769 1719 924 1771 gestis,
980 1731 1090 1759 vxor
1139 1716 1334 1773 Hadingi
1391 1720 1573 1756 mortua
1619 1715 1832 1768 apparuit
1879 1716 1918 1756 ei
1965 1715 2011 1755 in

363 1805 574 1845 sompno,
607 1792 784 1832 dicens:

629 1890 753 1925 Belua
789 1893 884 1924 nata
915 1889 989 1925 tibi
1022 1892 1084 1924 est
1116 1888 1273 1923 rabiem
1308 1887 1519 1923 domitura
1554 1886 1751 1929 ferarum,

627 1968 793 2004 queque
825 1958 933 1993 truci
966 1958 1138 2004 rapidos
1171 1959 1318 1992 atteret
1350 1966 1422 1991 ore
1456 1955 1589 2001 lupos.

366 2053 525 2092 Postea
560 2050 815 2091 subiunxit:

317 2155 358 2185 25
628 2150 707 2184 Fac
740 2150 907 2184 caueas!
941 2159 989 2184 ex
1021 2151 1059 2183 te
1093 2158 1255 2183 nocuus
1288 2147 1361 2183 tibi
1396 2147 1553 2193 prodiit
1585 2145 1681 2191 ales,

628 2217 722 2253 felle
757 2218 870 2253 ferox
905 2217 1030 2261 bubo,
1062 2226 1164 2252 voce
1197 2227 1379 2252 canorus
1412 2215 1516 2251 olor.

367 2312 500 2351 Mane
549 2312 665 2350 sacto
713 2323 790 2350 rex
829 2310 1013 2350 cuidam
1055 2308 1301 2349 coniectori
1343 2307 1610 2361 sompnium
1650 2306 1876 2356 narrauit;
1924 2305 2016 2359 qui,

366 2384 460 2436 lupi
518 2383 704 2422 nomine
760 2383 908 2422 future
963 2381 1207 2421 ferocitatis
1265 2381 1412 2421 filium
1474 2380 1816 2432 interpretatus,
1877 2377 2017 2418 oloris

368 2455 553 2495 nomine
586 2455 727 2494 filiam
762 2454 1011 2505 denotauit,
1043 2453 1266 2506 illumque
1296 2453 1506 2493 hostibus
1533 2451 1857 2505 perniciosum,
1890 2450 2016 2490 illam

455 2566 490 2600 2.
526 2576 620 2600 nam
654 2564 733 2599 huc
766 2563 1021 2609 transposni‚·
1069 2564 1110 2598 in
1143 2563 1255 2598 codd.
1290 2564 1384 2598 unte
1415 2561 1639 2608 Sigfridum
1674 2560 1830 2607 leyitur,
1864 2570 1944 2606 qua
1977 2569 2018 2595 re

365 2622 556 2668 periodus
584 2620 778 2657 tiu-batur.
843 2621 877 2656 3.
911 2621 1116 2666 indigenis
1145 2621 1187 2655 Α.
1251 2620 1361 2656 5-6.
1397 2621 1621 2665 superatus
1654 2621 1715 2653 est
1746 2617 1933 2663 fugitque
1965 2616 2015 2652 ad

369 2690 402 2715 c.
438 2691 472 2714 v.
507 2680 549 2714 T,
584 2678 773 2714 Nauibus
806 2678 880 2714 As.
959 2679 992 2714 6.
1025 2687 1122 2723 ergo
1155 2678 1200 2713 V.
1280 2678 1314 2712 7.
1347 2674 1637 2725 a(d)scendens
1668 2672 1788 2724 A(s)‚
1821 2674 1912 2710 item
1946 2672 2017 2718 D23

370 2735 533 2783 aidesC)
560 2736 612 2779 D,
645 2735 773 2771 ofides
804 2733 857 2782 (01
891 2733 1132 2782 ostendens)
1149 2735 1194 2769 V.
1260 2735 1294 2769 8.
1328 2734 1368 2769 in
1403 2733 1511 2769 bello
1539 2733 1677 2779 ipsum
1696 2733 1740 2768 V.
1805 2732 1867 2768 12.
1902 2731 2017 2766 littus

371 2794 484 2835 VAS,
529 2793 596 2827 secl
642 2792 846 2827 rectiorem
892 2791 1073 2836 fot-mam
1122 2791 1266 2837 ubique
1311 2789 1497 2826 scribam.
1585 2789 1645 2826 13.
1692 2789 1921 2835 respiceret
1967 2788 2016 2832 Α;

372 2852 595 2897 inspiceret
619 2849 659 2885 S.
738 2850 798 2884 14.
833 2850 1000 2884 natandi
1035 2847 1178 2897 aii-too)
1212 2849 1302 2892 DV,
1333 2851 1463 2883 artem
1499 2847 1667 2882 natandi
1693 2846 1769 2882 As.
1846 2845 2019 2880 haberet

371 2919 448 2943 om.
485 2908 527 2942 D.
593 2907 654 2941 15.
720 2906 839 2941 nauis
880 2916 957 2941 om.
998 2906 1035 2941 S¹
1131 2907 1190 2941 17.
1224 2905 1476 2950 collegendis
1509 2904 1583 2939 As.
1674 2904 1738 2939 20.
1771 2902 1936 2949 aperuit
1969 2902 2014 2937 V.

373 2966 435 3000 22.
485 2967 576 2998 nata
627 2968 687 2998 ter
734 2966 795 2998 est
841 2963 880 2998 S.
957 2963 1019 2998 23.
1067 2966 1236 2998 atteri-et
1270 2964 1416 3011 atteret
1455 2959 1543 3009 SC).
1622 2961 1686 2996 27.
1733 2971 1802 2995 rex
1849 2969 1927 2994 om.
1974 2958 2017 2994 A.

374 3021 538 3056 uarauit
561 3020 801 3065 sompnium
822 3020 897 3055 AS.
960 3020 1021 3055 28.
1049 3020 1172 3055 feroc.
1200 3020 1337 3055 future
1355 3019 1399 3056 Α.
1463 3019 1526 3054 29.
1560 3016 1775 3053 (ίθηόῖῇυἰῐ
1805 3015 1859 3065 (o.
1893 3016 2019 3051 ‹leno-

375 3079 564 3125 niinauit)
596 3078 634 3112 S.
