2150 3584
76 1310 95 1340 27!

54 1673 93 1703 10

51 2035 91 2065 15

47 2396 89 2427 20

455 212 672 241 SVENONIS
705 213 896 242 AGGONIS
930 215 1032 242 FILII
1067 215 1150 243 LEX
1183 216 1450 245 CASTRENSIS
1715 208 1769 247 65

929 509 967 570 S

559 693 894 740 SVENONIS
935 694 1236 740 AGGOle
1277 696 1331 741 F.

485 804 599 843 LEX
643 804 1001 845 CASTRENSIS
1042 804 1174 844 SIVE
1214 805 1404 846 CVRIE.

787 909 1098 945 PROOEMIVM.

218 977 362 1055 Cum
396 1014 535 1053 multa
569 1013 702 1054 nobis
728 1013 908 1054 curiosa
932 1013 1224 1065 indagatione
1249 1015 1480 1069 reliquerit
1506 1017 1765 1071 antiquitas,

123 1085 347 1125 societatis
388 1085 523 1125 etiam
566 1086 774 1125 militaris
815 1086 995 1126 utilitati
1040 1086 1281 1139 prouidere
1322 1088 1508 1139 studuit,
1554 1102 1610 1129 ne
1650 1102 1763 1142 uaga

122 1156 325 1197 libertate
365 1157 505 1210 potita
547 1158 727 1198 effrenis
768 1158 984 1198 iuuentus
1027 1159 1271 1199 castrensis
1312 1160 1482 1200 mutuis
1525 1174 1570 1201 se
1610 1166 1764 1202 contu-

123 1229 270 1269 meliis
310 1229 499 1282 impune
539 1230 790 1270 lacesseret.
856 1230 973 1271 Hinc
1013 1231 1317 1283 potentissimi
1351 1232 1496 1273 Danie
1533 1244 1672 1285 reges,
1716 1238 1764 1274 ut

122 1301 439 1361 imp-roborum
472 1302 752 1342 refrenarent
783 1302 1040 1352 audaciam,
1079 1303 1137 1343 ab
1172 1303 1332 1344 ultima
1364 1305 1587 1345 memoria
1619 1306 1762 1358 legem

121 1362 504 1427 promulgandam
552 1374 859 1426 sanciuerunt,
906 1388 1043 1428 quam
1093 1389 1176 1416 suo
1218 1375 1436 1416 idiomate
1476 1377 1762 1431 Witherlogh

121 1450 460 1499 nuncuparunt,
490 1447 623 1487 nobis
649 1460 757 1487 uero
783 1447 945 1488 Latino
972 1461 1195 1500 sermone,
1228 1447 1331 1489 licet
1357 1449 1584 1489 uocabulo
1609 1450 1763 1490 minus

120 1518 326 1572 proprio,
372 1519 516 1570 legem
564 1523 841 1559 castrensem
889 1519 985 1560 siue
1036 1520 1279 1561 militarem
1328 1521 1400 1561 uel
1448 1522 1590 1574 legem
1639 1523 1761 1564 curie

119 1591 349 1644 appellare
395 1591 557 1632 licebit.
637 1592 767 1632 Hanc
807 1591 1019 1646 equidem
1059 1592 1279 1646 temporis
1326 1596 1529 1634 uetustas
1576 1608 1762 1647 prorsus

120 1662 422 1716 antiquasset‚
474 1667 628 1717 utpote
674 1664 789 1704 raris
835 1665 1089 1705 admodum
1122 1666 1214 1705 huc
1260 1678 1405 1719 usque
1451 1666 1761 1718 existentibus,

119 1735 197 1788 qui
236 1748 307 1775 res
347 1736 635 1789 superiorum
669 1737 943 1787 seculorum,
991 1737 1243 1789 quamlibet
1282 1737 1494 1789 illustres,
1541 1739 1761 1779 memorie

118 1807 348 1862 literisque
386 1809 775 1858 commendarent,
822 1808 910 1848 nisi
950 1809 985 1848 si
1026 1809 1165 1849 totius
1203 1810 1329 1861 regni
1369 1810 1531 1851 Danici
1572 1811 1760 1851 illustris

118 1884 159 1920 et
204 1880 434 1920 maximus
483 1881 667 1921 antistes
715 1881 915 1920 Absalon
962 1885 1180 1921 consueta
1234 1882 1514 1934 curiositate,
1569 1883 1760 1923 circum-

119 1956 360 2006 spectaque
392 1965 446 1993 ac
477 1952 670 2005 prouida
703 1952 1028 1993 deliberatione
1061 1966 1165 1993 cum
1199 1953 1395 1994 nutricio
1435 1967 1533 2006 suo,
1579 1955 1759 1994 Kanuto

116 2035 231 2077 rege,
264 2025 545 2065 Waldemari
578 2024 713 2078 primi
747 2025 891 2065 Danie
923 2025 1038 2077 regis
1071 2025 1180 2077 filio,
1228 2030 1404 2065 mature
1436 2026 1591 2066 habita
1624 2031 1759 2080 atque

116 2096 333 2145 instituta,
366 2096 413 2137 in
445 2097 659 2149 exiguum
691 2097 925 2150 quoddam
959 2098 1192 2144 uolumen,
1225 2098 1350 2138 uelut
1379 2097 1423 2137 in
1454 2099 1757 2150 matriculam,

117 2182 217 2209 eam
243 2168 518 2210 contulisset.
567 2169 685 2209 Nam
711 2170 834 2222 quod
859 2169 1126 2222 antiquitate
1152 2170 1409 2210 obsoletum
1438 2183 1534 2210 esse
1564 2171 1758 2223 plerum-

116 2254 203 2295 que
235 2241 505 2292 decernitur,
537 2241 580 2281 id
614 2241 766 2294 ipsum
798 2241 1032 2281 literarum
1066 2241 1287 2281 beneficio
1319 2246 1567 2294 reparatur.
1641 2243 1754 2284 Cum

114 2312 268 2367 itaque
312 2313 659 2354 constitutiones
706 2313 931 2353 eiusmodi
978 2318 1130 2353 nostra
1187 2314 1432 2353 uernacula
1482 2318 1523 2354 et
1568 2314 1754 2368 quidem

115 2385 344 2426 succincta
390 2386 610 2426 breuitate
657 2385 938 2438 conscriptas
984 2385 1275 2437 reperissem,
1323 2398 1398 2426 eas
1445 2385 1491 2425 in
1539 2386 1752 2426 Latinum

115 2470 371 2498 sermonem
417 2457 660 2498 transferre
707 2461 896 2498 conatus
944 2470 1069 2508 sum,
1119 2458 1242 2497 haud
1292 2470 1400 2498 sane
1447 2457 1632 2498 scientie
1678 2462 1755 2498 aut

114 2528 281 2581 ingenii
313 2529 602 2581 confidentia,
649 2542 764 2570 neue
797 2533 846 2569 ut
878 2533 1230 2582 presumptuosa
1263 2530 1464 2583 quadam
1498 2530 1755 2582 arrogantia

114 2601 276 2642 maiori
316 2600 521 2642 doctrina
561 2602 747 2655 preditis
786 2600 1089 2655 preiudicium
1138 2601 1348 2653 facerem,
1396 2615 1557 2642 uerum
1604 2602 1755 2654 potius

117 2707 178 2742 14.
219 2717 313 2742 cum
357 2707 560 2743 Mauritio.
639 2707 699 2743 15.
747 2706 1008 2752 conscripsit.
1092 2707 1256 2743 19—20.
1298 2707 1496 2742 laboreue
1543 2707 1753 2742 desudans

114 2761 271 2809 diuino,
297 2774 383 2799 nec.
430 2764 494 2799 20.
521 2763 613 2809 fort.
638 2763 780 2799 scribd.
809 2763 1020 2798 affluentia
1049 2763 1107 2798 vel
1131 2763 1392 2800 sufficientia.
1441 2765 1504 2799 21.
1530 2764 1753 2810 preditum.

114 2820 178 2856 22.
193 2821 411 2867 capasitate
426 2821 668 2856 iuuantibus
685 2821 926 2856 virentibus.
952 2820 1030 2867 (An
1046 2820 1202 2865 potius:
1225 2821 1450 2857 iuuenibus
1466 2818 1754 2868 uirentibustzl.

196 2945 260 2981 Ad
305 2946 352 2983 S:
416 2947 523 2982 4—5.
571 2946 991 2992 potentissimi..ab
1047 2946 1192 2981 ultima
1240 2946 1458 2981 memoria:
1518 2945 1588 2991 cfr.
1644 2945 1752 2981 Saxo

116 3002 189 3046 (ed.
222 3001 380 3047 Miiller)
410 3014 449 3049 ρ.
483 3003 572 3047 225,
592 3003 642 3038 21
661 3014 717 3049 sq.

181 3139 281 3168 ScrIpt.
303 3139 367 3162 hist.
390 3140 460 3162 Dan.
481 3140 614 3162 minores.
