2150 3584
564 192 858 222 COMPENDIVM
892 193 1090 223 sAxoms.
1141 195 1222 223 ΜΒ.
1257 195 1280 223 x
1657 185 1739 225 353

92 317 293 360 pugnam
332 307 389 347 ad
429 307 620 347 classem
668 307 846 359 rediret,
893 307 1041 347 visum
1090 312 1155 348 est
1201 310 1435 362 quoddam
1483 310 1651 350 mirum
1700 314 1741 350 et

91 378 361 419 inusitatum
393 379 439 419 in
472 391 574 419 aere
606 379 886 432 prodigium3
924 392 1029 419 nam
1065 379 1223 431 sagitta
1257 382 1454 434 quedam
1488 393 1659 433 vagans
1693 382 1738 422 in

91 463 193 491 aere
234 451 325 491 huc
365 454 500 504 atque
538 450 646 491 illuc
687 464 732 491 se
774 451 989 504 vertebat,
1038 451 1169 504 quasi
1211 465 1420 505 querens,
1467 467 1603 507 quem
1644 467 1738 507 per-

90 526 241 563 cutere
273 522 427 573 vellet3
475 523 747 563 mirantibus
788 523 922 575 igitur
951 523 1128 563 cunctis
1161 527 1202 563 et
1234 526 1538 577 stupentibus,
1587 527 1738 567 subito

91 595 250 646 sagitta
296 594 342 634 in
390 599 526 648 caput
566 595 767 648 Haquini
814 596 983 636 cadens
1028 596 1178 648 ipsum
1218 597 1441 638 exstinxit.
1509 599 1738 639 Haraldus

91 667 242 721 itaque
298 667 528 720 predictus
582 667 710 707 hoste
763 671 945 708 mortuo
999 668 1219 719 regnandi
1267 668 1497 710 fortunam
1547 672 1739 724 adeptus

89 739 235 779 tribus
266 739 399 779 annis
433 739 575 779 Danis
609 740 887 791 promissum
922 740 1144 780 tributum
1179 741 1327 782 soluit.

177 811 230 852 II.
307 811 479 851 Accidit
538 815 689 851 autem
753 825 805 852 eo
862 816 1087 865 tempore,
1148 816 1194 852 vt
1250 813 1554 866 Stirbiornus,
1619 817 1740 857 tilius

90 883 348 936 Byornonis
389 883 506 935 regis
539 883 722 936 Swecie,
770 896 876 925 cum
921 897 1074 925 sorore
1116 897 1198 925 sua
1242 886 1430 939 Gyritha
1473 888 1646 928 veniret
1693 889 1736 929 in

90 955 279 996 Daciam
327 956 384 996 ad
427 955 682 996 Haraldum
722 967 873 1008 regem
915 957 1067 1008 Dacie,
1114 961 1271 1010 petens
1312 959 1534 999 auxilium
1578 965 1734 1001 contra

90 1027 290 1079 Ericum,
336 1027 483 1068 filium
518 1028 667 1080 patrui
700 1028 783 1079 sui,
831 1042 910 1082 per
948 1042 1084 1082 quem
1125 1040 1264 1081 regno
1306 1030 1451 1071 fuerat
1493 1033 1738 1085 spoliatus;

90 1100 320 1140 Haraldus
352 1100 545 1152 benigne
578 1113 681 1140 eum
715 1100 940 1154 recipiens
975 1102 1186 1154 promisit
1208 1102 1489 1143 adiutorium
1517 1117 1738 1146 sororem-

88 1185 176 1225 que
199 1172 296 1212 eius
322 1172 489 1225 recepit
513 1185 713 1213 onrem.
764 1173 870 1213 Post
898 1174 980 1214 hec
1008 1174 1237 1214 Haraldus
1264 1175 1513 1216 deuincens
1533 1177 1735 1218 Slauiam

87 1245 210 1298 apud
227 1244 452 1297 Julinum,
478 1244 819 1285 nobilissimum
843 1245 967 1286 illius
992 1246 1228 1299 prouincie
1246 1247 1452 1300 opidum,
1482 1248 1736 1290 Stirbiorno

86 1317 201 1357 duce
239 1316 438 1370 presidia
478 1316 676 1356 militum
721 1318 987 1369 collocauitj,
1033 1332 1234 1373 quorum
1282 1320 1505 1373 probitate
1547 1321 1737 1362 circum-

86 1400 268 1443 quaque
311 1389 538 1429 Danicum
587 1389 832 1442 imperium
880 1391 1134 1443 plurimum
1173 1396 1361 1432 auctum
1404 1392 1498 1433 fuit.
1563 1395 1737 1435 Deinde

87 1461 381 1513 Stirbiornus,
413 1472 601 1513 regnum
634 1465 877 1514 paternum
911 1475 1178 1517 recuperare
1211 1464 1490 1514 desiderans,
1523 1479 1664 1520 Vsque
1690 1468 1735 1507 in

88 1533 380 1574 Haliandiam
413 1546 518 1573 cum
555 1534 756 1574 Haraldo
789 1535 1022 1588 processit.
1086 1536 1172 1576 Vbi
1205 1537 1362 1577 audito
1396 1538 1580 1589 nuncio,
1613 1541 1734 1593 quod

86 1606 332 1659 imperator
371 1606 477 1647 Otto
523 1605 704 1646 Juciam
751 1608 1021 1657 deuastaret,
1073 1609 1302 1649 Haraldus
1349 1623 1506 1650 versus
1554 1611 1736 1651 Juciam

86 1678 351 1718 festinanter
396 1678 672 1731 properauit.
745 1679 852 1720 Otto
900 1683 1053 1720 autem
1100 1680 1282 1720 interim
1330 1682 1426 1722 sine
1473 1683 1734 1723 resistencia

87 1763 166 1804 per
196 1750 379 1791 ,luciam
416 1750 670 1802 transierat,
718 1765 960 1805 quousque
998 1753 1171 1793 veniret
1210 1754 1267 1793 ad
1300 1756 1532 1807 quendam
1567 1756 1735 1802 sinum,

87 1823 164 1875 qui
197 1835 321 1863 nunc
353 1822 592 1863 Ottaesund
624 1824 809 1873 dicitur3
858 1824 902 1864 in
941 1838 1078 1878 quem
1119 1825 1342 1875 lanceam,
1388 1840 1478 1880 qua
1512 1828 1734 1872 Vtebatur,

87 1894 288 1947 proiecit,
321 1895 484 1935 deinde
516 1897 696 1936 rediens
729 1910 808 1950 per
840 1897 1030 1937 modum
1065 1898 1167 1949 fuge
1200 1898 1455 1939 festinabat.
1507 1900 1736 1940 Haraldus

87 1970 238 2007 autem
281 1968 610 2020 superueniens
652 1969 888 2021 Ipponem,
937 1970 1124 2009 extremi
1165 1971 1361 2022 agminis
1403 1971 1582 2023 ducem,
1631 1985 1733 2012 cum

86 2038 188 2090 hiis,
220 2052 336 2092 quos
369 2052 524 2080 secum
557 2040 768 2094 repperit,
800 2041 1058 2082 trucidauit.
1109 2042 1284 2083 Interea
1317 2044 1503 2083 absente
1534 2045 1735 2085 Haraldo

88 2110 369 2151 Stirbiornus
424 2125 503 2165 per
558 2112 725 2152 milites
778 2113 992 2154 incitatus
1046 2115 1227 2155 incaute
1275 2116 1495 2156 Sweciam
1554 2116 1735 2164 inuasit,

86 2181 241 2235 ibique
286 2183 333 2223 in
380 2184 498 2225 bello
538 2185 717 2225 occisus
757 2189 833 2225 est.
898 2185 1004 2226 Post
1043 2187 1128 2226 hec
1168 2187 1334 2240 Thyrae
1376 2189 1544 2240 regina,
1593 2192 1738 2228 mater

174 2357 208 2393 1.
227 2357 378 2393 mirum
399 2369 446 2393 ac
465 2358 515 2400 D;
541 2369 618 2394 0111.
637 2359 712 2394 AS.
776 2359 810 2394 2.
829 2359 870 2394 in
893 2358 1006 2407 (post
1023 2358 1145 2407 inus.)
1162 2372 1239 2397 om.
1259 2361 1297 2397 S.
1361 2362 1395 2397 3.
1415 2362 1498 2397 huc
1516 2365 1554 2397 et
1572 2362 1671 2397 illuc
1693 2363 1735 2398 D.

88 2414 123 2449 5.
142 2414 253 2449 eadit
277 2413 341 2461 (Sz
366 2413 531 2462 cecidit)
554 2415 778 2461 ipsumque
796 2416 967 2452 extinxit
985 2417 1059 2453 AS.
1123 2417 1157 2453 6.
1179 2418 1225 2453 H.
1245 2419 1370 2464 igitur
1387 2419 1425 2454 S.
1489 2420 1597 2455 6—7.
1614 2419 1736 2465 adep-

87 2473 153 2506 tus
178 2474 249 2507 est.
274 2472 428 2507 Tribus
453 2471 491 2508 S.
556 2473 589 2508 7.
624 2470 781 2521 1)ani(!)
805 2473 849 2508 V.
913 2474 946 2509 8.
982 2473 1101 2509 verba
1135 2478 1273 2510 autem
1302 2486 1350 2511 eo
1377 2479 1567 2521 tempore
1593 2487 1670 2511 om.
1693 2477 1737 2511 D.

86 2528 340 2563 stirbiornus
372 2527 409 2564 li.
442 2529 464 2565 l.
497 2528 543 2572 S;
585 2529 721 2566 celeris
757 2528 840 2574 fere
873 2530 968 2566 Iocis
1001 2531 1241 2568 stirbornus
1273 2532 1410 2574 codd.;
1459 2533 1735 2568 Sturbiornus

85 2583 204 2620 Saxo.
266 2585 300 2621 9.
334 2585 552 2621 biornonis
571 2587 614 2622 V.
683 2587 860 2632 gyrithae
879 2587 922 2623 V.
985 2588 1124 2624 9—10.
1159 2589 1209 2624 ad
1241 2589 1401 2625 daciam
1431 2591 1474 2626 Α.
1540 2591 1600 2625 11.
1632 2590 1737 2636 spol.

87 2641 222 2677 fuerat
253 2642 296 2677 V.
362 2642 422 2678 12.
457 2643 632 2688 benigne
663 2643 708 2685 Α,
740 2645 783 2678 ut
812 2644 971 2689 soepius.
1040 2645 1101 2681 13.
1137 2645 1233 2682 Post
1265 2646 1346 2682 hoc
1377 2647 1420 2681 D.
1495 2648 1554 2683 14.
1587 2647 1734 2682 iulium

86 2698 161 2734 As.
240 2700 301 2734 15.
342 2700 437 2734 duci
477 2700 553 2736 AS.
634 2700 797 2736 15—16.
845 2700 963 2736 verba
1005 2702 1146 2737 omnia
1185 2707 1611 2749 quorum..auctum
1661 2703 1736 2739 fuit

86 2765 164 2791 om.
197 2755 243 2800 S;
275 2756 503 2802 plurimum
540 2759 697 2793 tantum
729 2768 806 2792 om.
835 2759 879 2793 Α.
948 2759 1008 2793 17.
1041 2769 1239 2804 reparare
1265 2760 1340 2795 AS.
1407 2760 1569 2796 17—18.
1605 2771 1736 2806 vsque

87 2812 138 2847 ad
186 2813 443 2848 hollandiam
491 2815 535 2850 Α.
637 2814 695 2849 18.
744 2814 984 2849 halandiam
1036 2816 1117 2851 DV.
1215 2817 1279 2852 22.
1326 2815 1572 2865 ottes(s)und
1621 2816 1733 2865 S(A).

90 2868 153 2905 23.
202 2869 295 2915 suge
321 2865 323 2909 Ι
350 2870 442 2916 fuge
488 2871 577 2910 fest,
629 2872 681 2911 D,
741 2871 809 2906 sed
863 2872 1035 2906 (illerum
1093 2872 1184 2917 fuge
1239 2874 1279 2908 in
1335 2873 1474 2919 fugere
1522 2885 1621 2910 corr.
1672 2872 1734 2909 D3.

88 2925 152 2962 24.
187 2937 396 2973 ypponem
431 2928 516 2972 AS;
564 2929 781 2974 Epponem
814 2928 942 2971 Saxo,
991 2929 1030 2964 1'11
1074 2940 1204 2975 maz-9.
1246 2931 1279 2965 D
1321 2942 1428 2967 man.
1462 2931 1734 2966 recentissima

90 2982 318 3019 Ebbonem.
407 2985 579 3020 extremi
611 2995 688 3020 om.
721 2984 797 3019 AS.
879 2985 941 3020 25.
975 2987 1129 3032 reperit
1162 2987 1238 3022 VS.
1315 2988 1377 3022 26.
1411 2988 1663 3023 storbornus
1696 2987 1734 3023 S.

89 3039 152 3074 27.
186 3041 307 3086 thyra
341 3041 379 3076 S.

1764 609 1783 638 5

1768 971 1807 1001 10

1766 1333 1806 1362 15

1762 1695 1805 1725 20

1763 2057 1805 2087 25
