2150 3584
348 1514 388 1545 10

346 1875 385 1906 15

343 2237 384 2267 20

341 2601 382 2631 25

425 232 504 272 140
763 243 1035 272 SCRIPTORES
1069 243 1294 273 H1srofflAE
1326 245 1502 273 DANICAE
1535 245 1732 274 MiNoREs

1107 464 1229 505 CAP.
1263 464 1379 505 XIX.

518 536 635 613 Hic
679 570 982 610 Valdemarus
1034 570 1239 622 reginam
1294 570 1476 621 Canuti,
1538 571 1654 624 regis
1707 572 2061 625 Roschildensis‚

418 653 684 694 germanam
711 641 932 695 Sophiam
959 641 1255 682 matrimonio
1288 627 1414 695 <sibi>
1447 642 1703 695 copulauit3
1736 642 1866 684 cuius
1899 643 2062 684 eximie

419 713 738 768 pulcritudinis
770 714 966 754 formam
1000 718 1163 754 natura
1195 712 1386 754 nimium
1420 713 1594 754 studuit
1624 719 1880 757 uenustare.
1944 716 2060 756 Nam

418 786 463 826 in
506 786 603 826 eius
635 786 939 840 descriptione
978 786 1191 838 (omnium
1226 786 1428 838 ueterum)
1467 785 1726 839 sincoparet
1761 787 1932 840 peritia.
1995 789 2061 829 Ad

419 858 515 899 eius
556 858 677 899 enim
716 859 861 899 forme
902 859 1117 912 preconia
1159 858 1417 899 mendicata
1459 872 1551 899 non
1594 871 1782 912 capesso
1824 860 2059 912 suffragia:

418 929 708 970 numerosius
741 916 901 984 (enim)
944 933 1105 970 nature
1138 929 1246 970 satis
1278 929 1598 970 admirandam
1630 929 1849 982 fabricam
1881 932 2061 972 oculata

417 1001 507 1042 fide
566 1002 871 1055 perspicabar.
962 1002 1087 1042 Adeo
1141 1001 1330 1055 denique
1383 1001 1571 1042 illustris
1628 1001 1745 1054 regis
1799 1004 2057 1044 Valdemari

417 1073 575 1115 diuina
613 1074 782 1115 famam
826 1073 1066 1128 ampliauit
1095 1074 1252 1127 gratia,
1299 1077 1348 1114 ut
1386 1074 1425 1115 ei
1465 1074 1597 1128 quasi
1635 1074 1787 1115 debita
1824 1075 2061 1117 circumia-

417 1150 569 1187 centes
599 1158 726 1200 reges
758 1150 800 1187 et
830 1146 1059 1201 principes
1091 1146 1296 1188 certatim
1328 1146 1646 1201 impenderent
1677 1146 1909 1202 obsequia.

1116 1397 1238 1438 CAP.
1273 1397 1366 1437 XX.

508 1469 629 1566 Qui
671 1505 781 1544 dum
821 1504 1023 1544 debitum
1064 1505 1158 1544 Ade
1201 1503 1509 1557 persoluisset‚
1555 1503 1678 1544 filius
1718 1503 1815 1545 eius
1855 1503 2059 1544 Canutus

414 1576 510 1617 iure
548 1577 796 1617 succedens
839 1576 1114 1617 hereditario
1155 1577 1271 1630 patri
1311 1575 1353 1615 in
1393 1587 1532 1628 regno
1573 1576 1803 1629 successit,
1848 1589 1874 1616 a
1913 1575 2057 1630 patria

414 1648 580 1689 uirtute
611 1634 765 1702 (haut)
797 1649 1087 1700 degenerans.
1150 1647 1375 1701 Siquidem
1417 1651 1540 1688 tanta
1581 1647 1763 1688 uirtutis
1795 1647 2058 1688 strenuitate

414 1721 684 1762 Sclauorum
745 1720 1029 1774 compescuit
1088 1720 1320 1771 seuitiam,
1389 1724 1438 1760 ut
1497 1720 1725 1761 uniuersis
1786 1712 2057 1762 Sclauo'rum

414 1794 869 1847 Pomeranorumque
922 1793 1093 1833 finibus
1148 1793 1292 1833 classe
1347 1792 1636 1846 depopulatis
1686 1793 1849 1834 ducem
1898 1806 2055 1833 eorum

413 1863 737 1918 (Buyizlauum)
777 1866 833 1905 ad
874 1864 1095 1905 tributum
1137 1869 1178 1905 et
1217 1865 1478 1906 hominium
1520 1865 1607 1905 sibi
1657 1866 1948 1919 compelleret
1988 1878 2053 1905 ex-

412 1938 679 1979 hibendum.
743 1939 878 1989 Quod
911 1938 1097 1991 quidem
1130 1938 1176 1977 in
1207 1937 1323 1990 regis
1357 1938 1479 1990 naui,
1521 1951 1609 1992 que
1640 1937 1797 1978 rostris
1829 1937 2057 1979 deauratis

412 2010 736 2058 choruscabat,
784 1994 938 2064 (haut)
987 2009 1146 2062 procul
1193 2009 1251 2049 ab
1298 2009 1431 2062 urbe,
1482 2022 1619 2063 quam
1669 2008 1870 2062 primum
1918 2021 2056 2063 supra

414 2082 667 2122 Haraldum
702 2082 916 2122 fundasse
950 2081 1249 2122 meminimus
1283 2081 1540 2134 profugum,
1573 2081 1744 2122 factum
1777 2081 1916 2122 fuisse
1949 2094 2053 2122 con-

412 2154 551 2207 spexi,
594 2155 725 2195 cuius
756 2158 908 2195 autem
942 2154 1123 2206 signum
1157 2154 1347 2206 dignum
1381 2154 1490 2194 duxi
1522 2155 1732 2195 recolere.
1797 2155 1912 2194 Nam
1945 2157 2055 2194 tem-

412 2240 533 2279 pore,
566 2239 656 2280 quo
689 2227 819 2267 fedus
851 2227 1128 2280 pepigerant,
1160 2229 1315 2267 tantus
1348 2226 1543 2267 nubium
1577 2227 1727 2279 fragor
1757 2225 1970 2279 intonuit,
2007 2230 2056 2266 ut

412 2299 632 2339 elementa
680 2299 899 2339 confundi
947 2299 1279 2339 estimarentur.
1352 2299 1487 2349 Quod
1534 2299 1719 2353 quidem
1767 2299 1825 2339 ab
1864 2298 2053 2353 antiquo

411 2371 746 2423 preuaricatore
787 2371 1003 2424 pacisque
1046 2371 1198 2412 emulo
1231 2370 1390 2411 diuina
1422 2371 1719 2424 permissione
1753 2371 1922 2411 factum
1955 2370 2054 2411 esti-

411 2443 654 2483 mauimus.
726 2443 906 2496 Quippe
954 2443 1127 2496 prefata
1173 2443 1370 2483 turbinis
1415 2444 1789 2498 tempestatisque
1835 2442 2052 2484 uiolentia

410 2516 637 2568 presulem
687 2516 1006 2556 Caminensem
1056 2515 1374 2569 prefatumque
1420 2514 1744 2569 (Buqizlauum)
1789 2529 1893 2556 cum
1936 2515 2053 2568 regis

410 2587 543 2627 fratre
589 2588 884 2639 Valdemaro,
946 2588 1102 2628 iuueni
1157 2588 1325 2628 indolis
1378 2588 1731 2641 elegantissime,
1791 2588 1835 2628 in
1889 2587 2052 2628 lembis

411 2659 651 2699 existentes
699 2659 837 2699 ferme
885 2660 1189 2712 pessundatos
1237 2660 1494 2700 submersit.
1572 2661 1674 2711 Quo
1721 2664 1899 2714 peracto
1945 2672 2051 2700 cum

410 2731 579 2783 ingenti
605 2732 882 2772 exultatione
906 2733 1230 2784 remeauimus,
1263 2732 1394 2772 cuius
1420 2732 1559 2773 finem
1591 2736 1861 2773 cunctorum
1895 2733 2051 2785 guber-

411 2808 541 2844 nator
572 2804 618 2843 in
652 2816 732 2843 sua
768 2816 876 2856 pace
909 2803 1135 2857 disponat.

496 2985 530 3021 2.
576 2984 843 3020 matrimonio
883 2985 1081 3031 Sophiam
1123 2986 1352 3032 copulauit.
1437 2986 1472 3023 3.
1515 2986 1705 3023 militum.
1791 2987 1825 3023 5.
1867 2986 2043 3022 enirn:

409 3044 558 3078 autem.
621 3042 654 3077 6.
684 3042 932 3077 admirando
964 3041 1059 3089 (pro
1083 3041 1166 3091 -da)
1198 3044 1388 3089 patriam.
1453 3045 1487 3080 7.
1519 3054 1673 3090 namq;.
1735 3043 1769 3079 8.
1801 3042 2046 3090 amphiauit.

414 3099 473 3134 10.
523 3098 660 3134 debita
707 3099 823 3136 adeo.
933 3100 993 3134 11.
1040 3100 1176 3145 patrio
1225 3109 1365 3146 regno.
1473 3101 1535 3137 12.
1584 3100 1892 3147 degenerantes.
1954 3099 2044 3144 Qui.

410 3156 473 3191 22.
509 3155 800 3201 promissione.
890 3156 953 3192 28.
987 3157 1027 3191 in
1061 3168 1134 3192 sua
1170 3167 1271 3202 pace
1303 3157 1516 3203 disponat:
1562 3159 1768 3203 sumptum
1801 3167 1850 3193 ex
1883 3156 2048 3193 Conone

409 3211 556 3248 Missoe:
601 3213 696 3247 Dies
729 3215 908 3257 nostros,
942 3213 1130 3257 Domine,
1162 3214 1203 3249 in
1236 3217 1303 3249 tua
1340 3225 1440 3260 pace
1472 3214 1684 3260 disponas.
