2150 3584
76 1477 116 1509 10

78 1839 118 1870 15

76 2201 117 2231 20

78 2560 119 2591 25

467 210 684 239 SVENONJS
715 210 907 239 AGGONIS
941 211 1043 239 FILII
1078 212 1159 238 LEX
1193 211 1458 240 CASTRENSIS
1729 201 1780 239 73

940 322 980 383 S

228 431 426 472 Omnem
459 430 622 470 etenim
657 430 965 471 controuersie.
999 430 1264 482 scrupulum
1292 430 1573 482 antiquitatis
1600 430 1777 471 solertia

143 516 195 544 ex
234 503 337 543 aula
381 502 640 556 principum
686 502 921 543 eliminare
969 505 1176 553 satagens
1224 502 1267 541 in
1316 502 1358 541 id
1400 515 1582 542 summo
1630 503 1779 543 studio

144 574 368 624 incubuit,
427 587 480 615 ne
534 575 604 614 uel
660 574 850 614 minima
905 574 1031 625 litigii
1082 586 1217 614 causa
1274 573 1388 613 inter
1444 574 1780 614 commilitones

143 647 361 697 existeret,
408 648 482 687 sed
527 647 676 699 potius
718 651 765 687 ut
805 659 960 686 eorum
996 646 1189 697 animos,
1237 646 1313 699 qui
1347 647 1505 686 eodem
1550 647 1780 698 pugnandi

144 719 368 759 desiderio
393 719 646 770 estuabant,
673 719 867 759 fraterna
892 719 1088 772 quedam
1108 718 1363 758 dilectionis
1382 730 1603 770 compago
1624 719 1781 758 uniret.

860 914 983 955 CAP.
1017 915 1066 954 V.

441 1003 521 1043 DE
569 1002 818 1043 LEGIBVS
867 1001 1136 1042 MINVTOS
1185 1002 1479 1043 EXCESSVS

683 1074 1240 1115 CONCERNENTIBVS.

236 1146 496 1224 Hiscorum
530 1180 681 1221 autem
714 1180 971 1232 curialium,
1003 1180 1081 1234 qui
1114 1184 1155 1220 et
1187 1193 1308 1220 nunc
1335 1181 1516 1221 militari
1541 1185 1782 1221 censentur

142 1254 347 1306 nomine,
408 1254 492 1294 hec
546 1253 726 1306 uigebat
781 1253 1086 1304 consuetudo,
1147 1257 1196 1293 ut
1241 1253 1413 1306 absque
1461 1253 1694 1305 armigeris
1742 1257 1781 1293 et

142 1326 324 1373 famulis
355 1326 527 1367 alterna
560 1325 646 1366 sibi
678 1328 932 1378 prestarent
963 1324 1183 1378 obsequia
1216 1329 1258 1365 et
1289 1325 1491 1365 uicissim
1528 1325 1611 1365 sibi
1640 1325 1782 1365 samu-

141 1399 352 1439 larentur.
417 1399 544 1439 Unde
577 1398 923 1449 constituerunt,
971 1401 1031 1448 ut,
1079 1397 1116 1437 si
1156 1397 1259 1451 quis
1298 1398 1468 1438 sodalis
1509 1398 1578 1438 sui
1611 1411 1779 1450 equum

143 1483 246 1511 cum
293 1471 478 1524 proprio
525 1471 794 1524 adaquaret,
853 1470 1046 1510 alterum
1093 1470 1266 1521 eundo,
1322 1471 1513 1510 alterum
1563 1470 1781 1523 equitaret

141 1544 385 1584 redeundo.
448 1543 581 1594 Quod
623 1542 659 1582 si
699 1556 808 1583 uero
847 1542 964 1596 quis,
1011 1541 1159 1583 alieno
1199 1542 1376 1583 caballo
1417 1544 1472 1582 ad
1512 1543 1778 1595 aquandum

142 1615 399 1663 subuectus,
447 1615 769 1668 parcitatisque
809 1618 1025 1654 attractus
1072 1615 1253 1654 macula
1301 1629 1443 1655 unum
1494 1615 1781 1668 eundemque

142 1687 387 1741 equitando
411 1688 495 1728 iret
518 1691 559 1727 et
582 1687 760 1738 rediret,
793 1691 835 1727 et
867 1700 1002 1739 super
1034 1687 1194 1727 eodem
1225 1700 1410 1727 excessu
1436 1692 1502 1727 ter
1527 1691 1781 1727 conuentus

143 1759 341 1813 binoque
396 1759 764 1800 commilitonum
819 1759 1080 1800 testimonio
1128 1759 1367 1800 conuictus
1415 1764 1550 1810 esset,
1612 1758 1782 1812 placuit

144 1845 247 1872 eum
281 1845 373 1872 uno
406 1832 591 1872 homine
624 1831 819 1872 exterius
851 1831 896 1871 in
929 1832 1136 1872 cenando
1168 1831 1377 1872 residere.
1442 1831 1580 1872 Moris
1613 1831 1781 1884 quippe

144 1904 237 1956 fuit,
271 1908 318 1944 ut
352 1905 422 1945 uel
455 1905 706 1944 secundum
742 1903 921 1944 uirtutis
953 1904 1135 1944 titulum
1161 1905 1233 1945 uel
1258 1903 1475 1957 temporis
1501 1903 1780 1956 prioritatem

142 1976 214 2016 uel
267 1976 517 2017 nobilitatis
572 1976 869 2029 propaginem
922 1976 1034 2016 locis
1088 1976 1174 2016 sibi
1235 1976 1474 2028 assignatis
1534 1975 1781 2016 residerent

142 2048 320 2101 milites,
367 2053 415 2089 ut
457 2049 521 2089 sic
552 2049 625 2089 uel
656 2048 871 2100 dignitate
906 2048 1102 2101 potiores
1135 2049 1208 2089 uel
1240 2052 1444 2101 tempore
1477 2048 1649 2101 priores
1683 2048 1780 2087 loca

142 2125 428 2174 capesserent
465 2121 684 2173 digniora.
748 2121 878 2161 Unde
912 2121 1065 2173 liquet,
1112 2121 1234 2175 quod
1267 2133 1402 2161 nemo
1435 2120 1531 2160 sine
1564 2119 1781 2171 singulari

142 2193 418 2233 contumelia
460 2197 501 2234 et
539 2194 787 2246 opprobrio
827 2207 852 2233 a
891 2197 1110 2233 consueto
1157 2193 1256 2233 loco
1294 2192 1527 2233 transferri
1573 2191 1780 2244 potuerit.

144 2265 245 2305 Pari
278 2278 381 2306 eum
416 2265 634 2306 sententie
667 2266 900 2306 subiacere
933 2266 1246 2313 decreuerunt,
1292 2265 1370 2319 qui
1410 2265 1525 2305 inter
1563 2264 1782 2317 pabulan-

143 2337 252 2377 dum
285 2351 369 2378 suo
401 2351 518 2392 equo
549 2341 616 2378 ter
647 2338 807 2378 aristas
841 2337 1101 2390 porrexerit,
1142 2337 1290 2377 alieno
1323 2350 1431 2377 uero
1465 2337 1694 2390 stipulam,
1741 2339 1783 2375 et

144 2422 278 2462 super
323 2411 432 2462 hoc,
485 2413 535 2450 ut
579 2414 732 2461 antea,
784 2411 980 2450 duorum
1036 2409 1274 2449 conuictus
1326 2409 1587 2449 testimonio
1634 2408 1779 2448 fuerit.

146 2481 277 2533 Item,
334 2481 371 2522 si
424 2482 526 2535 quis
578 2495 720 2535 equos
773 2482 1049 2536 adaquando
1104 2486 1260 2522 contra
1309 2481 1511 2521 fluminis
1560 2481 1780 2533 gurgitem

144 2555 393 2594 ascendens
431 2555 669 2607 lympham
709 2554 975 2605 turbauerit,
1022 2554 1080 2594 ita
1128 2558 1176 2593 ut
1221 2553 1309 2594 nisi
1355 2553 1664 2594 turbulentam
1705 2552 1780 2592 alii

145 2630 298 2678 potare
344 2631 584 2679 nequeant,
632 2627 860 2680 similique
905 2626 1166 2667 testimonio
1212 2626 1333 2666 idem
1372 2630 1438 2665 ter
1481 2626 1638 2666 fecisse
1679 2637 1781 2665 con-

145 2698 315 2751 stiterit,
348 2699 484 2739 simili
516 2699 686 2739 iudicio
719 2699 946 2739 obnoxius
978 2700 1069 2738 erit.
1131 2698 1334 2739 Similem
1367 2711 1565 2751 namque
1598 2698 1777 2750 culpam

146 2783 226 2823 par
257 2784 371 2823 pena
405 2772 692 2811 condemnat.
743 2771 966 2824 Amplius,
1001 2771 1034 2810 si
1068 2784 1202 2824 quem
1239 2771 1465 2810 obstinata
1499 2769 1779 2822 presumptio

145 2890 187 2923 vt
226 2902 255 2934 Ρ
294 2886 413 2936 pto—e).
509 2889 572 2924 20.
619 2888 738 2924 cedit.
835 2889 897 2923 22.
943 2899 1081 2934 super.
1173 2888 1316 2923 Eidem
1365 2899 1471 2924 eum.
1562 2887 1623 2922 23.
1672 2888 1779 2922 item.

147 2944 210 2980 25.
240 2946 422 2992 simulq3.
497 2946 560 2982 26.
592 2945 728 2982 simul.

230 3059 292 3095 Ad
323 3060 362 3096 S.
423 3061 486 3096 22.
519 3061 654 3097 alieno
686 3071 784 3096 vero
817 3060 1013 3106 stipulam
1037 3075 1079 3091 z
1103 3059 1209 3095 Saxo
1238 3071 1278 3105 ρ,
1313 3060 1403 3103 528,
1424 3060 1459 3095 5.
