2150 3584
215 981 256 1012 10

217 1343 257 1374 15

217 1707 261 1738 20

220 2070 261 2101 25

277 196 360 237 450
618 203 892 235 SCRIPTORES
926 203 1153 233 HISTORIAE
1185 202 1362 232 DANICAE
1395 202 1594 232 MINORES

279 323 641 375 permanserunt.
717 318 913 360 Coactus
960 317 1096 370 igitur
1140 318 1287 358 redire
1334 317 1479 358 dictos
1528 317 1783 371 proditores
1830 321 1933 371 post
2003 351 2007 354 .

278 393 474 435 reditum
523 405 659 432 suum
705 391 754 431 in
795 390 985 430 Daciam
1033 390 1150 430 iuste
1195 390 1286 431 vita
1327 390 1541 444 priuauit.
1605 391 1728 431 Dum
1779 395 1930 431 autem

280 470 396 507 esset
426 465 472 505 in
505 464 755 514 redeundo,
799 462 1036 515 premissis
1067 462 1225 514 legatis
1257 462 1455 503 occurrit
1487 462 1527 502 ei
1558 463 1670 503 alter
1702 463 1932 503 dictorum

280 539 466 586 ducum,
513 536 685 577 scilicet
717 535 892 587 Ericus,
940 535 1097 589 sicque
1129 548 1233 576 cum
1269 548 1321 576 eo
1354 534 1603 588 placitauit,
1645 539 1691 576 vt
1729 548 1808 575 rex
1841 535 1934 576 Bir-

280 621 411 662 gerus
436 609 624 649 terciam
650 611 826 661 partem
852 607 977 659 regni
997 607 1167 648 Swecie
1193 607 1429 648 meliorem
1454 607 1645 660 pacifice
1667 607 1932 660 possideret.

282 683 403 722 Dum
422 685 576 721 autem
594 681 742 721 dictus
760 692 839 720 rex
857 679 1067 732 Birgerus
1086 679 1132 719 in
1151 683 1279 733 parte
1300 692 1382 720 sua
1408 683 1677 732 moraretur,
1701 679 1934 733 intellexit,

281 755 404 808 quod
437 753 544 794 dicti
577 753 717 793 duces
749 752 913 792 iterum
948 751 995 791 in
1028 752 1204 792 malum
1237 765 1373 792 suum
1407 752 1808 803 machinarentur3
1856 753 1934 793 sed

281 830 427 866 astute
459 825 733 879 preueniens
766 837 843 865 eos
876 825 933 864 ad
967 837 1013 864 se
1045 823 1264 864 inuitatos
1297 823 1427 877 cepit,
1473 823 1590 864 sicut
1622 824 1749 877 prius
1780 825 1934 878 ipsum

281 901 506 951 ceperant,
553 897 826 951 prodiciose,
875 909 928 937 ac
966 896 1121 950 posuit
1160 896 1207 936 in
1240 896 1352 936 turri
1385 897 1432 936 in
1472 900 1620 937 castro
1654 897 1935 950 Nykopensi,

282 970 358 1011 vbi
391 970 544 1024 ipsum
578 970 705 1024 prius
738 973 924 1022 captum
958 973 1226 1022 posuerant3
1268 969 1424 1023 ibique
1465 969 1784 1011 miserabiliter
1816 971 1936 1012 fame

284 1043 452 1083 mortui
484 1047 602 1083 sunt.
663 1042 754 1094 Qui
786 1045 938 1083 autem
972 1041 1019 1082 in
1050 1045 1170 1082 terra
1202 1054 1285 1095 pro
1318 1041 1450 1082 dictis
1484 1041 1681 1082 ducibus
1711 1043 1936 1095 zelabant,

283 1116 457 1156 occulte
505 1115 754 1156 exercitum
801 1114 1141 1166 congregabant
1186 1118 1322 1167 atque
1370 1114 1521 1155 subito
1561 1113 1936 1168 superuenientes

282 1199 433 1240 regem
453 1187 691 1240 Birgerum
719 1188 775 1228 de
806 1191 924 1228 terra
957 1186 1244 1239 fugauerunt.
1295 1186 1494 1228 Veniens
1519 1186 1655 1239 igitur
1680 1186 1726 1227 in
1746 1185 1936 1227 Daciam

282 1260 347 1301 ibi
394 1264 604 1301 mortuus
652 1263 718 1301 est
764 1264 806 1300 et
843 1272 948 1300 cum
996 1259 1180 1311 regibus
1228 1259 1367 1299 Dacie
1410 1259 1671 1311 Ringstadis
1717 1258 1936 1312 sepultus.

285 1334 378 1374 Rex
419 1337 573 1373 autem
608 1332 769 1373 Ericus
811 1332 976 1372 iterum
1020 1331 1144 1372 misit
1178 1332 1407 1372 sororium
1440 1344 1592 1384 suum,
1639 1330 1937 1372 domicellum

287 1406 521 1457 Magnum,
560 1405 707 1445 filium
742 1404 851 1445 dicti
885 1404 1055 1457 Birgeri
1086 1404 1217 1457 regis,
1264 1404 1312 1445 in
1345 1404 1569 1445 Sweciam
1601 1417 1706 1445 cum
1741 1402 1938 1444 exercitu

286 1478 342 1518 ad
376 1478 691 1531 pugnandum.
747 1477 836 1528 Qui
870 1478 981 1518 dum
1017 1476 1324 1529 Westgociam
1356 1476 1617 1528 intrassent,
1649 1478 1939 1517 occurrentes

287 1549 373 1590 sibi
406 1549 452 1590 in
484 1550 603 1591 bello
636 1549 942 1602 trucidabant,
989 1553 1125 1603 atque
1161 1549 1394 1591 venientes
1425 1549 1472 1590 in
1507 1549 1772 1602 Ostgociam
1804 1547 1940 1588 intra-

286 1626 453 1664 uerunt
483 1626 683 1664 castrum
717 1622 1031 1674 Stakaeburgh.
1088 1623 1293 1676 Populus
1328 1626 1481 1663 autem
1515 1622 1786 1675 prophanus
1817 1620 1940 1660 illius

285 1695 411 1748 regni
451 1695 781 1748 superueniens
822 1699 1024 1736 castrum
1067 1695 1246 1736 obsedit
1292 1708 1347 1736 ac
1384 1694 1683 1749 oppugnauit,
1731 1697 1777 1735 vt
1816 1692 1940 1733 intus

287 1767 580 1808 manentibus
613 1767 769 1808 euasio
786 1768 923 1815 ⁴nulla
950 1771 1079 1808 esset.
1129 1769 1320 1821 Propter
1345 1769 1468 1821 quod
1495 1767 1644 1808 dictus
1668 1766 1941 1807 domicellus

287 1853 368 1893 pro
400 1840 678 1881 liberacione
713 1841 966 1892 Danorum,
1009 1840 1087 1894 qui
1128 1853 1284 1881 secum
1318 1844 1459 1893 erant,
1507 1853 1553 1881 se
1586 1839 1740 1894 ipsum
1774 1838 1941 1881 Swecis

287 1912 474 1953 tradidit
505 1925 557 1953 ea
584 1913 869 1964 condicione,
901 1916 949 1953 vt
975 1926 1069 1954 non
1095 1913 1320 1954 lederetur
1341 1913 1389 1953 in
1414 1913 1506 1955 vita
1531 1913 1601 1954 vel
1626 1912 1672 1952 in
1700 1911 1942 1962 membris;

289 1998 424 2038 super
457 1998 548 2039 quo
581 1985 795 2026 iurabant
827 1998 989 2026 omnes
1021 1985 1199 2027 nobiles
1230 1985 1353 2027 illius
1384 1985 1526 2038 regni,
1558 1985 1776 2026 facientes
1805 1997 1943 2038 super

288 2059 378 2099 hoc
423 2058 661 2112 publicum
708 2058 1067 2098 instrumentum
1116 2059 1202 2099 sub
1249 2058 1407 2110 sigillis
1454 2058 1562 2099 suis.
1625 2058 1708 2099 Sed
1758 2060 1940 2098 mortuo

290 2131 424 2171 Erico
456 2142 572 2183 rege,
605 2143 742 2184 quem
776 2130 1028 2184 plurimum
1063 2131 1342 2183 metuebant,
1375 2130 1671 2185 perfidissimi
1704 2133 1746 2170 et
1772 2128 1943 2183 periuri

290 2202 463 2243 dictum
503 2203 816 2255 domicellum,
863 2203 938 2244 cui
980 2203 1232 2256 homagiati
1273 2204 1466 2256 fuerant,
1514 2204 1625 2244 dum
1665 2205 1793 2256 pater
1831 2215 1942 2242 suus

382 2378 487 2414 1-2,
520 2392 550 2425 ,Ρ
575 2376 639 2427 (z
664 2375 758 2427 pro)
788 2378 923 2415 reditu
950 2378 990 2421 S,
1036 2388 1136 2415 corr.
1171 2378 1212 2414 ἰη
1244 2391 1267 2425 p
1301 2377 1408 2428 (per)
1439 2379 1525 2415 red.
1601 2379 1636 2414 2.
1669 2378 1710 2414 in
1744 2377 1863 2413 dacia
1895 2376 1942 2413 Ο.

292 2434 395 2470 Cum
429 2438 568 2471 autem
593 2435 640 2472 Ο.
703 2436 813 2472 3-4.
846 2436 1000 2472 ducum
1028 2435 1238 2472 dictorum
1264 2436 1304 2473 S.
1366 2437 1401 2473 5.
1425 2436 1543 2483 regni
1570 2446 1648 2471 om.
1674 2435 1714 2472 S.
1779 2435 1814 2470 6.
1840 2434 1943 2471 Cum

292 2495 431 2527 autem
477 2492 524 2529 Ο.
628 2504 700 2529 rex
747 2504 826 2529 om.
873 2493 911 2529 S.
1018 2504 1093 2528 sua
1140 2496 1380 2530 moraretur
1426 2493 1547 2539 VAS,
1608 2493 1689 2529 sibi
1735 2492 1944 2538 assignata

294 2552 480 2585 maneret
511 2550 558 2586 Ο.
637 2551 671 2586 8.
709 2551 848 2597 ipsum
887 2550 1005 2597 prius
1043 2550 1089 2586 Ο.
1167 2551 1200 2587 9.
1243 2553 1446 2598 ceperunt
1478 2550 1517 2586 S.
1593 2549 1826 2597 nycopensi
1858 2548 1946 2594 803

295 2606 526 2652 nykopensi
546 2606 609 2644 A2.
674 2608 735 2644 10.
768 2607 887 2654 prius
919 2610 1088 2653 captum
1116 2607 1171 2654 03
1203 2612 1372 2655 captum
1398 2607 1517 2654 prius
1535 2608 1590 2653 V;
1623 2607 1741 2654 prius
1767 2617 1845 2643 om.
1868 2606 1944 2642 AS.

296 2662 403 2699 fame
443 2664 637 2700 miserab.
677 2665 724 2701 Ο.
802 2665 863 2701 12.
904 2664 1042 2700 oculte
1075 2665 1114 2701 S.
1196 2665 1257 2701 13.
1298 2665 1496 2711 fugarunt
1527 2664 1574 2701 Ο.
1652 2664 1870 2700 Venientes
1902 2663 1945 2699 Α.

299 2720 358 2755 14.
398 2731 445 2756 ac
487 2732 582 2757 cum
625 2721 673 2758 Ο.
766 2722 892 2758 Dacie
933 2732 1010 2757 om.
1052 2722 1165 2758 VAS.
1255 2723 1472 2769 ringstadh
1513 2722 1558 2758 A.
1651 2722 1712 2757 16.
1755 2722 1797 2757 Β.
1838 2720 1946 2767 regis

298 2777 437 2813 fwecie
481 2778 522 2813 in
566 2780 627 2815 fw.
663 2778 701 2814 S.
781 2779 843 2816 17.
884 2779 1131 2825 wesgociam
1166 2780 1213 2825 S;
1259 2780 1543 2826 Vestgothiam
1585 2789 1686 2814 corr.
1728 2788 1778 2814 ex
1808 2779 1947 2814 Vesto-

295 2834 402 2878 giam
436 2834 482 2870 0.
562 2836 623 2871 18.
664 2836 875 2883 osgociam
911 2836 956 2881 S;
1004 2837 1257 2882 ostegociam
1291 2837 1342 2882 Α;
1388 2836 1640 2882 ostgothiam
1673 2835 1720 2872 Ο.
1799 2836 1946 2871 intras-

296 2889 438 2939 sent(!)
469 2892 537 2928 OS
568 2891 652 2940 (sed
682 2904 785 2929 corr.
820 2891 893 2942 82).
972 2893 1033 2929 19.
1060 2894 1301 2940 stagebureh
1334 2895 1384 2938 Α;
1425 2893 1667 2940 [tegeburgh
1700 2892 1747 2938 S;
1787 2892 1949 2929 [baeche-

297 2948 399 2993 borg
431 2948 479 2984 Ο.
560 2950 621 2986 20.
655 2951 902 2997 superuenit
933 2951 976 2986 Α.
1052 2952 1257 2997 pugnauit
1299 2951 1424 2996 codd„
1471 2950 1540 2986 sed
1578 2960 1680 2986 corr.
1715 2950 1756 2986 in
1790 2958 1946 2996 oppug—

299 3005 412 3040 nauit
454 3005 501 3041 Ο.
578 3007 642 3043 22.
685 3007 828 3043 suecis
868 3018 912 3043 se
950 3008 1089 3054 ipsum
1133 3007 1180 3043 Ο.
1261 3008 1323 3044 23.
1362 3008 1526 3044 ledetur
1557 3007 1642 3043 VO.
1717 3007 1782 3044 vel
1817 3006 1947 3052 Avo3

301 3072 376 3097 nec
409 3061 447 3097 S.
525 3063 589 3099 25.
623 3063 839 3111 puplicum
873 3065 918 3101 V.
994 3064 1057 3100 26.
1091 3074 1185 3111 rege
1217 3065 1432 3101 Danorum
1465 3065 1510 3100 Α.
1583 3064 1646 3100 27.
1679 3063 1875 3111 omagiati
1909 3063 1947 3100 S.
