2150 3584
295 1012 336 1043 10

293 1376 334 1407 15

292 1741 334 1772 20

293 2106 335 2136 25

365 227 448 268 408
705 235 982 266 SCRIPTORES
1014 234 1241 264 HISTORIAE
1273 234 1450 264 DANICAE
1480 234 1680 264 MINORES

365 352 638 407 prefocauit3
701 351 928 392 Eskillum
983 349 1085 390 falsi
1132 348 1334 390 nominis
1381 349 1649 403 episcopum
1696 350 1754 389 ad
1800 349 2012 390 arborem

365 425 616 479 suspendit,
663 436 884 477 armaque
923 423 1126 464 hostium
1161 422 1339 462 Lundie
1375 421 1617 462 inueniens
1656 421 1752 462 suis
1790 421 2014 463 militibus

364 498 508 550 dedit,
554 497 724 552 quibus
769 496 918 549 ipsum
967 495 1170 537 Olauum
1216 494 1344 534 iuxta
1391 494 1656 548 Glumstorp
1701 494 1824 535 facto
1869 493 2013 548 prelio

364 570 610 623 superauit.
674 569 851 611 Olauus
884 568 930 608 in
964 568 1178 609 Gothiam
1210 566 1389 619 fugiens
1420 566 1585 607 iterum
1618 580 1698 620 per
1727 566 2014 618 Blekingiam

362 643 557 691 redibat3
607 642 685 682 sed
733 645 775 682 et
819 645 930 681 tunc
976 653 1055 694 per
1102 639 1289 680 Ericum
1335 639 1518 691 fugatus
1565 640 1753 680 collecta
1800 639 2014 680 societate

362 715 487 756 venit
516 714 564 755 in
591 714 871 755 Sialendiam
903 716 1203 767 pugnaturus.
1248 711 1335 752 Vbi
1367 724 1446 764 per
1472 712 1712 765 Rikonem,
1745 711 2014 765 episcopum

364 787 737 840 Roskildensem,
798 786 980 838 fugatus
1026 785 1150 827 venit
1195 785 1242 824 in
1289 784 1599 825 Hallandiam.
1692 785 1802 825 Inde
1847 784 2013 825 iterum

362 873 575 901 reuersus
613 859 833 900 intellexit
873 858 1142 912 episcopum
1174 857 1221 897 in
1255 857 1483 898 Ramlosae
1515 857 1815 908 commorari3
1862 870 2015 910 super-

365 932 555 973 ueniens
601 936 756 973 autem
801 935 934 972 nocte
973 931 1085 971 dum
1124 930 1395 983 episcopum
1436 929 1655 970 inuadere
1700 930 1846 982 vellet,
1893 929 2016 970 cubi-

363 1005 520 1059 cularij
571 1005 774 1059 episcopi
821 990 1134 1060 <occurrentes>
1181 1004 1229 1044 in
1275 1004 1426 1044 hostio
1471 1003 1772 1045 trucidantur.
1843 1004 2014 1045 Videns

363 1078 606 1132 episcopus
654 1091 700 1118 se
746 1077 1014 1119 necessitate
1061 1077 1353 1130 compulsum
1396 1077 1588 1130 arreptis
1629 1076 1769 1117 armis
1809 1077 2013 1117 hostium

361 1150 550 1192 viriliter
574 1151 867 1201 defendebat3
899 1150 1036 1203 igitur
1055 1150 1233 1191 Olauus
1258 1149 1460 1203 precepit
1484 1148 1636 1201 ignem
1665 1149 1829 1190 afferri.
1878 1150 2014 1201 Quod

362 1236 469 1264 cum
509 1223 753 1277 episcopus
793 1223 985 1276 audiret,
1033 1235 1294 1263 sermonem
1335 1221 1461 1275 pacis
1501 1221 1718 1274 efflagitat
1748 1222 1806 1263 ab
1839 1222 2014 1273 Olauo;

361 1310 453 1350 quo
491 1296 720 1349 promisso
760 1296 873 1336 dum
913 1295 1157 1349 episcopus
1197 1298 1334 1347 caput
1366 1294 1537 1347 extulit,
1583 1295 1852 1336 trucidatur.
1914 1294 2014 1335 Hoc

360 1368 480 1410 facto
509 1353 725 1423 <Olauus>
758 1368 950 1409 festinus
982 1368 1040 1408 ad
1073 1380 1215 1408 naues
1247 1367 1424 1419 refugit,
1456 1367 1624 1407 timens
1656 1377 1822 1419 regem,
1855 1366 1936 1420 qui
1965 1366 2013 1406 in
2091 1362 2093 1364 ’

360 1441 511 1483 vicino
544 1445 661 1492 erat;
696 1454 774 1482 rex
805 1445 959 1481 autem
991 1440 1038 1480 in
1064 1440 1359 1480 Hallandiam
1389 1439 1637 1492 fugientem
1669 1439 1902 1480 insecutus
1935 1443 2014 1491 est,

360 1514 607 1568 ipsumque
653 1515 839 1554 tandem
887 1526 993 1554 cum
1040 1513 1198 1553 multis
1237 1512 1338 1553 aliis
1385 1512 1505 1553 bello
1553 1511 1731 1553 occidit.
1794 1511 1882 1553 Sed
1921 1524 2014 1552 non

361 1587 446 1627 fuit
484 1588 599 1628 adeo
641 1587 902 1627 fortunatus
943 1586 989 1626 in
1029 1586 1160 1626 bellis
1193 1589 1351 1641 contra
1386 1585 1561 1637 Slauos,
1609 1584 1686 1639 qui
1729 1597 1823 1625 non
1862 1585 2012 1626 solum

361 1660 416 1699 de
464 1659 618 1700 Slauia
664 1659 818 1712 ipsum
866 1659 1100 1712 fugabant,
1150 1658 1226 1699 sed
1275 1658 1421 1698 eciam
1468 1658 1515 1698 in
1564 1657 1705 1698 Dacia
1752 1659 2012 1698 manentem

361 1733 650 1773 infestabant.
700 1732 951 1773 Interiectis
982 1731 1116 1772 annis
1149 1744 1255 1772 cum
1288 1730 1514 1771 infirmari
1547 1730 1739 1784 cepisset
1769 1730 1817 1770 in
1847 1729 2015 1771 Sialen-

360 1805 449 1858 dia,
492 1804 597 1846 fecit
637 1818 683 1846 se
726 1804 832 1845 duci
873 1805 920 1845 in
954 1804 1190 1855 Feoniam,
1237 1804 1356 1844 vnde
1389 1807 1484 1844 erat
1515 1803 1763 1854 oriundus3
1810 1802 2014 1856 dumque

360 1878 501 1918 vitam
533 1878 808 1931 desperaret,
839 1877 1009 1931 recepit
1028 1877 1213 1918 Ottonie
1240 1876 1450 1917 habitum
1484 1877 1836 1916 monachorum.
1884 1874 2016 1915 Tunc

361 1950 551 2004 quidam
585 1950 759 1991 Elauus
792 1951 847 1991 de
879 1950 1103 2002 Wesingh
1134 1949 1199 1990 ibi
1231 1962 1419 2002 presens
1451 1948 1576 2001 dixit,
1619 1948 1743 2003 quod
1785 1947 2015 2001 expediret

361 2023 513 2063 statim
561 2023 617 2063 de
662 2033 765 2074 rege
812 2022 902 2062 alio
949 2022 1204 2076 prouideri,
1260 2035 1312 2062 eo
1367 2022 1490 2076 quod
1538 2021 1630 2062 iam
1678 2020 1776 2061 sine
1823 2019 2014 2061 domino

362 2100 530 2147 essent3
577 2096 702 2149 quod
742 2095 934 2136 audiens
975 2095 1136 2136 Ericus
1178 2108 1231 2135 ex
1271 2094 1461 2135 tristicia
1500 2098 1695 2134 mortem
1735 2092 2015 2134 accelerabat

363 2172 546 2222 propter
577 2168 867 2208 mencionem
901 2167 1192 2208 successoris.

449 2349 498 2389 V.
564 2314 820 2391 Defuncto
849 2347 983 2388 Erico
1003 2347 1164 2399 Lamb,
1197 2348 1251 2388 de
1284 2359 1547 2387 successore
1579 2346 1788 2398 eligendo
1819 2355 2012 2397 regnum

362 2434 456 2462 non
494 2421 825 2470 concordabat;
871 2433 980 2460 nam
1022 2419 1340 2461 Sialendenses
1385 2423 1427 2460 et
1465 2418 1735 2460 Scanienses
1782 2417 2013 2469 elegerunt

452 2529 485 2564 1.
513 2524 748 2575 §focauitffi
778 2526 822 2562 A.
898 2526 1045 2571 Eskilli
1077 2526 1153 2563 AS.
1233 2526 1284 2562 ad
1318 2525 1513 2561 arborem
1547 2535 1626 2561 om.
1656 2525 1700 2561 A.
1777 2526 1812 2560 4.
1843 2523 2014 2569 blegun-

362 2585 470 2630 giam
512 2584 589 2620 AS.
682 2584 716 2620 5.
756 2583 829 2619 sed
867 2594 945 2619 om.
986 2584 1030 2619 V.
1122 2584 1156 2620 7.
1205 2583 1471 2619 Hallandiam
1511 2582 1641 2626 Sanam
1686 2581 1913 2617 lalandiam
1961 2581 2014 2625 V;

365 2642 620 2677 siallandiam
652 2641 699 2686 S;
734 2641 984 2687 syalendiam
1010 2641 1054 2676 A.
1116 2642 1150 2676 8.
1184 2640 1358 2676 ramlose
1382 2639 1421 2676 S.
1484 2641 1519 2676 9.
1551 2640 1799 2686 episcopum
1831 2649 1910 2675 om.
1937 2637 2013 2674 AS.

363 2699 543 2735 euadere
576 2699 615 2734 S.
681 2698 742 2734 10.
774 2701 1046 2733 occurrentes
1078 2698 1220 2734 addidi
1249 2696 1314 2746 (ex
1342 2695 1529 2745 Saxone).
1607 2696 1716 2733 ostio
1748 2697 1799 2742 A;
1830 2696 1939 2732 ostiu
1964 2695 2011 2731 V.

370 2757 427 2792 11.
477 2756 632 2802 areptis
678 2756 723 2791 V.
832 2755 986 2790 ostium
1033 2755 1110 2791 AS.
1219 2755 1280 2790 15.
1336 2754 1494 2790 Olauus
1549 2753 1690 2790 addidi
1741 2763 1791 2789 ex
1842 2752 2013 2788 Saxone.

367 2815 429 2849 16.
475 2813 702 2849 lalandiam
748 2812 884 2857 codd„
933 2822 1035 2848 corr.
1084 2822 1133 2848 ex
1163 2812 1332 2848 Saxone.
1428 2812 1488 2847 17.
1534 2812 1685 2858 ipsum.
1735 2810 1921 2846 Tandem
1968 2810 2012 2845 A.

368 2871 428 2906 19.
472 2870 604 2906 eciam
637 2880 713 2905 om.
747 2869 787 2905 S.
877 2869 942 2905 21.
988 2870 1212 2915 pheoniam
1246 2870 1290 2904 A.
1382 2869 1445 2905 22.
1484 2868 1534 2904 de
1573 2868 1656 2904 vita
1689 2868 1728 2903 S.
1818 2867 2014 2914 desparet

363 2927 458 2975 (pro
505 2924 711 2975 desparet)
756 2926 801 2962 V.
908 2926 970 2962 23.
1019 2926 1176 2962 Elauus
1222 2926 1401 2971 wesingh
1450 2926 1502 2971 V3
1563 2925 1714 2961 olauus
1760 2924 1811 2960 de
1857 2924 2013 2969 wesing

362 2983 578 3036 (wesinge)
609 2982 720 3032 S(A).
796 2983 910 3030 quod
942 2981 1049 3031 (ante
1080 2980 1310 3031 expediret)
1339 2993 1416 3018 om.
1449 2982 1527 3019 AS.
1591 2981 1654 3018 26.
1688 2981 1939 3017 mensionem
1968 2980 2012 3016 A.

366 3063 405 3067 —
440 3042 504 3077 27.
535 3041 748 3086 Inscriptio
781 3040 820 3076 in
846 3042 897 3077 A:
932 3041 990 3076 De
1024 3041 1130 3086 Rege
1156 3037 1367 3088 Magno(!),
1399 3042 1436 3075 et
1465 3040 1506 3075 in
1539 3048 1689 3084 nimy:
1723 3048 1829 3074 xmx.
1862 3037 2010 3075 Swend

366 3099 504 3134 Eriick
539 3098 729 3134 Emundz
765 3099 843 3142 son,
875 3100 911 3133 et
938 3098 1065 3143 paulo
1093 3100 1201 3143 post:
1236 3098 1287 3133 .C.
1322 3097 1444 3132 Knud
1480 3097 1646 3142 Magens
1682 3097 1758 3132 son.
