2150 3584
582 229 877 258 COMPENDIVM
911 230 1109 259 sAXOle.
1160 231 1241 259 mn.
1277 232 1317 259 ix
1695 222 1777 261 345

128 343 288 395 Igitur,
349 355 453 383 cum
510 344 565 383 de
621 342 692 383 die
744 347 927 396 propter
973 344 1163 384 celerem
1213 358 1371 384 eorum
1420 358 1605 385 cursum
1654 346 1777 398 ipsos

126 416 343 468 attingere
382 428 475 455 non
518 419 684 468 posset,
730 415 931 468 quadam
976 420 1107 456 nocte
1154 416 1278 469 ipsos
1325 416 1542 457 insidiose
1588 417 1776 463 inuasit·,

125 499 276 540 regem
311 487 567 528 Finnorum
599 499 704 527 cum
739 500 822 528 suo
857 488 1028 540 populo
1068 488 1255 540 fugauit,
1300 500 1447 540 regem
1487 490 1773 529 Biarmorum

125 559 360 601 interfecit.
409 560 508 610 Que
541 559 697 600 omnia
730 559 981 611 grandibus
1012 560 1132 600 saxis
1158 560 1354 613 insculpi
1381 562 1483 602 fecit
1508 562 1567 602 ob
1593 561 1776 601 victorie

126 645 206 673 sue
239 632 593 673 monimentum.
1802 643 1821 672 5

211 705 284 745 VI.
348 705 522 745 Interea
563 704 711 755 Vbbo,
760 703 880 744 filius
922 704 1034 755 eius,
1081 704 1296 745 inductus
1338 718 1416 758 per
1457 719 1598 746 auum
1640 720 1775 747 suum

127 778 386 819 Esbernum
443 780 601 817 contra
648 780 822 829 patrem
870 789 1090 817 coronam
1141 777 1278 817 Dacie
1326 778 1597 831 vsurpabat,
1653 780 1775 832 quod

125 849 318 891 audiens
360 850 592 901 Regnerus
624 848 815 889 Daciam
857 848 1045 889 intrauit
1082 861 1136 889 ac
1175 849 1430 890 Esbernum
1475 852 1598 903 apud
1638 852 1778 892 Gron-

127 923 243 963 sund
292 921 479 973 occidit,
526 925 754 974 caputque
801 921 898 961 eius
945 920 1178 961 abscisum
1224 925 1444 975 tanquam
1494 923 1776 964 horrendum

125 994 438 1048 spectaculum
474 1006 611 1047 super
643 1005 828 1046 proram
861 993 989 1045 infigi
1021 993 1233 1047 precepit.
1296 994 1427 1035 Vbbo
1461 999 1628 1047 autem,
1669 999 1778 1036 tunc
1806 1004 1845 1034 10

125 1066 359 1118 effugiens,
392 1067 469 1106 sed
502 1066 662 1106 iterato
694 1069 852 1106 contra
879 1069 1053 1119 patrem
1079 1065 1126 1106 in
1153 1065 1383 1106 Sialendia
1410 1066 1598 1119 bellans,
1631 1067 1777 1108 victus

126 1142 212 1189 est;
256 1138 346 1185 vbi,
379 1143 626 1192 antequam
659 1137 761 1191 capi
793 1141 959 1191 posset,
992 1141 1168 1178 tantam
1201 1141 1396 1190 stragem
1429 1139 1547 1180 circa
1582 1153 1627 1180 se
1661 1140 1777 1191 fecit,

127 1215 171 1251 vt
193 1211 396 1252 hostiurn
419 1210 725 1251 cadaueribus
744 1213 966 1264 tanquam
994 1210 1258 1251 municione
1286 1210 1486 1265 vndique
1509 1213 1775 1263 vallaretur3

125 1284 182 1324 ad
223 1283 432 1324 Vltimum
476 1286 637 1336 captus
676 1282 723 1323 in
762 1282 946 1324 vincula
983 1283 1215 1323 coniectus
1249 1287 1326 1323 est.
1390 1284 1565 1324 Interea
1599 1285 1776 1336 Daxon,

127 1355 248 1397 filius
280 1355 397 1407 regis
417 1355 713 1408 Hellesponti,
746 1355 793 1395 in
826 1355 1053 1396 vlcionem
1087 1355 1211 1396 necis
1244 1359 1431 1408 paterne
1449 1356 1775 1409 Withsercum,
1805 1367 1844 1397 15

126 1428 272 1468 filium
303 1428 508 1481 Regneri,
541 1427 747 1469 occidere
780 1428 1029 1479 cogitabat3
1062 1428 1140 1468 sed
1173 1428 1285 1468 dum
1319 1428 1407 1469 hoc
1438 1428 1623 1482 publico
1658 1430 1775 1470 bello

127 1501 273 1542 facere
314 1514 408 1542 non
448 1504 614 1553 posset,
661 1499 853 1541 insidias
893 1499 1119 1540 meditans
1159 1513 1319 1553 pacem
1365 1500 1628 1541 simulatam
1669 1514 1775 1542 cum

125 1587 178 1614 eo
210 1573 326 1614 fecit.
378 1572 604 1613 Inuitatus
635 1571 771 1625 igitur
802 1585 827 1613 a
861 1572 1119 1613 Withserco
1151 1573 1208 1613 ad
1242 1572 1512 1613 conuiuium
1546 1578 1775 1615 armatum

125 1645 399 1686 subornauit
439 1644 702 1697 exercitum,
748 1648 795 1685 vt
834 1644 880 1685 in
923 1644 1073 1698 specie
1105 1649 1412 1686 mercatorum
1447 1659 1583 1698 super
1614 1659 1776 1687 currus

124 1720 283 1758 vrbem
316 1718 550 1769 intrarent,
582 1721 808 1758 nocturno
839 1721 1045 1771 tempore
1068 1717 1260 1758 insidias
1287 1718 1525 1770 peracturi.
1575 1718 1776 1760 Circum-
1802 1729 1844 1759 20

124 1791 258 1831 datus
297 1789 432 1842 igitur
463 1789 751 1831 Withsercus
790 1793 915 1830 tanta
956 1789 1122 1830 virtute
1154 1803 1200 1830 se
1233 1790 1447 1841 defendit,
1495 1794 1540 1830 vt
1571 1791 1774 1831 hostium

125 1863 395 1916 corporibus
433 1862 480 1902 in
522 1862 715 1903 circuitu
753 1863 950 1903 vallatus
990 1875 1083 1903 non
1124 1861 1212 1902 nisi
1252 1875 1331 1915 per
1378 1863 1522 1904 scalas
1565 1863 1774 1916 superius

125 1936 351 1976 admissas
391 1934 493 1988 capi
535 1939 708 1988 posset3
755 1935 959 1988 sociique
990 1934 1088 1976 eius
1121 1946 1206 1975 ,x11.
1242 1934 1450 1976 similiter
1482 1935 1616 1988 capti,
1662 1936 1773 1976 dum

123 2008 371 2062 repatriare
417 2007 556 2048 libere
603 2011 802 2061 possent,
849 2007 1069 2048 nolebant
1114 2007 1172 2047 ab
1220 2020 1272 2047 eo
1320 2007 1534 2060 separari.
1612 2008 1774 2048 Daxon

124 2083 277 2121 autem
311 2083 494 2133 propter
525 2079 756 2132 ingentem
788 2079 885 2120 eius
918 2079 1192 2133 probitatem
1225 2093 1318 2120 non
1361 2080 1511 2120 solun]
1554 2079 1593 2120 ei
1633 2079 1771 2120 vitam
1799 2091 1841 2121 25

124 2153 202 2193 sed
241 2152 385 2193 eciam
426 2152 570 2192 filiam
611 2165 743 2192 suam
785 2165 890 2192 cum
934 2152 1127 2192 dimidio
1159 2152 1285 2204 regni
1317 2152 1556 2201 offerebat,
1604 2156 1648 2192 at
1687 2152 1775 2203 ille,

125 2225 464 2278 paruipendens
510 2225 651 2265 vitam
698 2228 849 2264 tenere
896 2225 950 2265 de
997 2225 1120 2265 dono
1167 2224 1333 2275 hostis,
1386 2224 1502 2264 mori
1550 2225 1774 2278 preelegit,

123 2297 294 2349 dicens,
326 2297 449 2350 quod
484 2298 723 2338 Daxonem
755 2296 847 2349 igni
881 2297 1183 2348 combureret,
1221 2296 1257 2336 si
1291 2296 1387 2336 eius
1420 2296 1563 2337 victor
1595 2297 1774 2346 fuisset;

124 2372 308 2422 propter
348 2370 470 2422 quod
513 2370 675 2410 Daxon
719 2369 870 2421 ipsum
905 2382 1010 2409 cum
1045 2368 1140 2409 suis
1173 2368 1309 2409 sociis
1340 2368 1442 2420 igne
1475 2369 1772 2422 consumpsit.

125 2440 260 2490 Quod
308 2454 413 2482 cum
462 2443 694 2494 Regnerus
740 2441 962 2493 audisset,
1019 2454 1097 2494 pre
1152 2441 1309 2481 dolore
1362 2440 1589 2481 infirmari
1637 2441 1845 2493 cepit330

212 2562 245 2598 7.
279 2562 515 2598 Esbernum
548 2562 729 2608 qualiter
760 2573 781 2597 a
815 2564 932 2608 patre
960 2573 991 2598 c.
1018 2562 1062 2598 D.
1089 2563 1357 2608 vsurparet(!)
1384 2561 1423 2598 S.
1488 2563 1522 2597 8.
1555 2564 1594 2597 et
1620 2562 1713 2598 Esb.
1733 2563 1786 2598 A.

124 2619 358 2664 gronesund
392 2620 430 2656 S.
526 2620 585 2656 10.
618 2618 770 2665 configi
803 2618 851 2663 S3
898 2618 1040 2654 malim
1074 2618 1196 2665 affigi.
1290 2619 1350 2654 11.
1386 2618 1621 2654 fialendiani
1657 2619 1773 2655 DVA.

128 2676 190 2712 13.
225 2679 351 2722 tamq.
383 2677 423 2712 in
460 2676 701 2712 municione
732 2676 809 2712 As.
900 2675 1177 2720 bellaretur(!)
1208 2676 1252 2711 Α.
1345 2676 1407 2711 14.
1445 2675 1496 2711 ad
1530 2675 1695 2711 vincula
1730 2677 1774 2712 D.

129 2733 291 2769 14—15.
326 2733 487 2769 Interea
512 2733 535 2769 f.
565 2745 596 2769 r.
625 2734 673 2769 H.
707 2732 866 2768 scilicet
885 2732 1029 2769 Daxon
1049 2733 1093 2768 D.
1159 2733 1219 2768 15.
1251 2732 1499 2768 vithsertum
1520 2733 1547 2768 S
1573 2733 1680 2776 (ilem
1705 2733 1775 2773 21;

125 2790 279 2825 viserto
313 2790 385 2834 18).
481 2791 643 2827 16—17.
684 2789 783 2825 dum
824 2789 892 2825 hic
933 2790 1101 2835 publice
1141 2790 1297 2825 bellum
1344 2789 1368 2824 f.
1410 2801 1447 2825 n.
1491 2790 1695 2835 potuisset
1735 2790 1774 2825 S.

129 2846 294 2883 18—19.
326 2847 578 2885 subornauit
609 2858 667 2883 ex.
701 2849 909 2882 armatum
935 2848 985 2891 A,
1016 2846 1237 2882 suborauit
1269 2848 1303 2890 (1,
1334 2856 1436 2882 corr.
1472 2857 1522 2882 m.
1551 2846 1574 2882 3
1607 2847 1645 2882 1'n
1680 2847 1774 2882 sub-

125 2903 350 2948 ordinauit,
375 2906 417 2940 ut
433 2903 500 2949 D3)
531 2916 592 2941 ex.
618 2915 721 2940 arm.
742 2903 781 2940 S.
846 2904 908 2939 19.
936 2914 1085 2939 curros
1103 2903 1146 2938 A.
1208 2903 1371 2938 19-—20.
1398 2903 1543 2938 vrbem
1570 2904 1775 2939 intrarent

125 2971 254 3006 super
298 2971 450 2997 currus
498 2961 536 2998 S.
628 2962 692 2997 23.
741 2960 947 2996 admissas
986 2960 1130 3006 scripsi
1173 2962 1370 3006 (superne
1413 2960 1592 2995 admotis
1634 2960 1771 3006 Sax0);

125 3016 335 3053 immissas
381 3016 496 3055 codd.
585 3019 651 3055 24.
698 3017 896 3054 volebant
942 3018 986 3053 D.
1077 3017 1140 3052 29.
1179 3027 1275 3052 cum
1315 3017 1440 3053 sociis
1483 3017 1570 3053 suis
1611 3017 1650 3053 S.
1731 3018 1772 3053 in

126 3073 218 3120 igne
250 3074 326 3111 As.
387 3075 452 3112 30.
486 3075 693 3112 infirmari
725 3085 757 3111 c.
790 3085 865 3121 pre
897 3074 1044 3111 dolore
1076 3073 1151 3110 As,
