2150 3584
314 744 332 773 5

296 1106 336 1136 10

300 1471 340 1501 15

360 224 437 263 184
695 232 969 261 SCRIPTORES
1002 231 1229 260 fflsromAE
1261 230 1438 259 DANICAE
1470 230 1668 258 M1NOREs

1150 343 1201 403 A

480 446 537 481 De
569 444 752 491 glorioso
785 452 880 489 rege
911 443 1178 479 Waldemaro
1211 445 1249 479 et
1280 442 1424 478 liberis
1457 442 1555 487 suis,
1589 441 1754 477 Kanuto
1787 450 1880 487 rege

935 503 974 536 et
1006 500 1238 546 Ingeburge
1269 499 1423 546 regina.

446 592 531 632 Iste
556 591 964 641 Waldemarus,
997 602 1075 630 rex
1107 588 1331 641 gloriosus
1363 591 1405 629 et
1436 591 1597 641 potens
1628 587 1675 628 in
1707 587 1869 628 diebus
1895 587 2002 639 suis,
2066 633 2067 637 Ἰ

359 665 513 717 genuit
545 677 599 704 ex
631 663 816 716 Sophya
850 663 1151 710 Kanutmn,
1199 672 1349 713 regem
1383 660 1512 714 pium
1544 664 1586 701 et
1617 660 1882 712 gloriosum,
1926 659 2003 712 qui
2066 657 2068 673 ³

360 749 485 777 nunc
530 740 685 788 regnat
731 735 777 776 in
818 734 974 786 Dacia,
1022 738 1063 774 et
1109 746 1312 775 sororem
1356 733 1453 774 eius
1492 733 1870 785 Ingeburgam,
1917 744 2004 785 que
2045 729 2083 769 1'0

361 809 516 862 nupsit
569 807 662 859 regi
713 808 997 848 Francorum
1044 806 1423 847 excellentissimo
1481 805 1706 858 Philippo.
1800 786 2098 844 Predicta0

361 885 512 922 autem
562 880 731 933 Sophia
779 879 932 932 regina
976 879 1069 919 filia
1111 878 1196 919 fuit
1236 878 1465 930 Waledar,
1512 878 1832 919 Ruthenorum
1872 875 2006 929 regis3

363 967 467 994 nam
518 954 669 1006 plures
716 952 777 992 ibi
824 963 950 1003 reges
997 955 1115 992 sunt.
1194 951 1335 992 Cuius
1382 950 1550 1004 Sophie
1596 953 1740 990 mater
1785 948 1879 989 filia
1925 947 2009 988 fuit

365 1026 608 1077 Bolezlaui,
643 1024 770 1065 ducis
800 1024 999 1074 Polonie.
1050 1025 1228 1064 Fratres
1253 1036 1437 1077 quoque
1462 1022 1629 1076 Sophie
1654 1022 1819 1074 regine,
1851 1021 2009 1061 matris

366 1098 643 1151 Ingeburgis,
691 1098 735 1137 in
779 1097 940 1137 Russia
972 1109 1117 1150 usque
1150 1095 1287 1136 hodie
1318 1095 1444 1147 regni
1475 1094 1785 1147 gubernacula
1817 1093 2010 1146 gloriose

364 1171 716 1211 amministrant.

452 1243 534 1283 His
559 1242 795 1295 diligenter
819 1242 1049 1295 inspectis,
1082 1242 1182 1282 luce
1207 1241 1374 1282 clarius
1400 1244 1590 1291 constat,
1624 1239 1765 1280 nichil
1789 1237 2012 1292 pertinere

365 1317 422 1357 ad
469 1315 787 1368 cognationem
830 1313 1182 1355 Flandrensium
1230 1313 1468 1355 dominam
1514 1312 1829 1365 Ingeburgam‚
1875 1311 2013 1351 Fran-

367 1401 525 1429 corum
572 1387 796 1439 reginam,
854 1400 937 1428 nec
989 1387 1192 1441 aliquam
1248 1399 1344 1426 esse
1398 1384 1842 1437 consanguinitatem
1897 1383 2014 1424 inter

368 1460 617 1514 predictam
651 1460 865 1514 Hysabel,
897 1459 1103 1512 reginam
1136 1459 1170 1499 F
1174 1458 1341 1511 rancie,
1373 1462 1415 1499 et
1445 1458 1580 1498 istam
1613 1456 1873 1507 dominam3
1906 1455 2013 1510 quia

368 1545 453 1573 nec
505 1533 582 1573 illa
635 1546 688 1573 ex
736 1532 855 1572 Erici
902 1532 1116 1585 progenie
1170 1530 1424 1583 deseendit,
1483 1542 1567 1571 nec
1623 1529 1706 1570 ista
1763 1542 1789 1569 a
1847 1527 2014 1570 Kanuti

370 1605 629 1658 posteritate
663 1605 813 1645 carnis
844 1604 1067 1657 originem
1100 1603 1307 1657 sumpsit.

458 1735 479 1769 4
513 1744 594 1780 sqq.
655 1734 714 1769 De
752 1733 902 1769 circulo
939 1732 1094 1769 decimo
1135 1732 1270 1768 Arnas
1310 1731 1519 1778 Maynoeus
1558 1731 1644 1767 Izoec
1682 1730 1910 1767 adnotauit:
1957 1730 2016 1766 Ad

370 1792 479 1827 latus
512 1791 646 1827 ultimi
686 1791 834 1827 circuli
867 1790 1111 1827 membrana
1152 1789 1277 1826 habet
1313 1790 1405 1825 haec
1444 1789 1680 1836 sequentia,
1726 1799 1821 1835 quae
1862 1788 1904 1823 in
1937 1788 2018 1823 hoc

372 1859 465 1885 meo
505 1849 750 1895 apographo
790 1847 1061 1884 commodum
1102 1847 1242 1883 locum
1281 1847 1474 1883 inuenire
1520 1857 1604 1882 non
1645 1848 1889 1893 potuerant:
1941 1844 2017 1880 »Hi

372 1907 455 1941 duo
503 1906 651 1942 subtus
699 1917 780 1941 una
827 1906 1018 1941 sedentes
1067 1905 1305 1940 Kanutus
1352 1902 1483 1952 est(!)‚
1530 1914 1602 1940 rex
1649 1904 1864 1940 Danorum
1911 1902 2017 1949 pius,

373 1966 521 2009 potens
554 1966 593 1999 et
623 1963 844 2009 gloriosus,
876 1966 915 1999 et
946 1973 1069 1998 soror
1101 1962 1202 2006 eius,
1234 1961 1486 1997 venerabilis
1518 1964 1557 1997 et
1588 1961 1740 1997 deuota
1758 1961 2015 1996 Francorum

375 2021 533 2067 regina,
592 2020 745 2056 nobilis
792 2020 963 2056 domina
1010 2019 1365 2066 Ingeburgis.«
1421 2040 1459 2043 —
1506 2018 1553 2054 In
1596 2018 1697 2064 folio
1745 2017 1891 2054 inserto
1935 2013 2021 2065 (16)

376 2078 468 2123 ipse,
515 2077 560 2113 ni
588 2076 722 2123 fallor,
771 2080 941 2113 stemma
974 2076 1208 2122 composuit,
1253 2076 1360 2122 quod
1391 2076 1503 2111 edere
1534 2086 1615 2112 non
1650 2074 1917 2112 necessarium
1951 2076 2016 2110 est.

378 2135 439 2171 16.
474 2134 556 2178 illa,
589 2134 629 2170 id
660 2136 715 2170 esi
747 2133 943 2180 Hysabe13
974 2134 1064 2178 ista,
1097 2133 1137 2169 id
1168 2135 1225 2169 est
1252 2132 1503 2180 Inqeburyis.
