2150 3584
407 226 461 265 80
748 233 1021 262 SCRIPTORES
1054 235 1279 264 HISTORIAE
1311 236 1486 264 DANICAE
1518 237 1716 267 MINORES

1199 349 1255 407 X

403 456 520 495 Nam
567 454 676 506 legis
723 455 950 508 conditor,
1013 456 1183 496 scilicet
1227 469 1305 496 rex
1352 456 1555 497 Canutus
1602 460 1749 510 uetus,
1811 458 2044 501 iracundie

400 541 620 569 accensus
666 523 837 578 furore,
890 528 1001 568 dum
1048 529 1201 568 adhuc
1247 528 1292 568 in
1340 529 1500 580 Anglia
1547 530 1672 582 pacis
1716 531 2043 585 tranquillitate

400 605 641 654 poteretur,
674 601 905 653 quendam
937 600 1126 641 militem
1162 614 1297 640 suum
1332 605 1541 654 exempto
1574 615 1793 643 mucrone
1821 603 2044 654 iugulauit

399 673 736 726 interemptum.
799 673 928 713 Vnde
961 673 1189 725 phalangx
1222 673 1439 713 uniuersa
1478 673 1636 714 ultimo
1669 674 1821 716 furore
1853 680 2044 716 conster-

353 758 371 787 5
399 751 518 797 nata,
566 745 904 786 confluentibus
952 745 1122 797 passim
1170 745 1439 796 legionibus,
1495 747 1552 786 ad
1599 759 1727 787 arma
1774 760 2043 789 concurrere

399 833 491 860 non
524 818 846 859 detrectabant.
909 817 1078 857 Verum
1119 829 1222 857 cum
1264 817 1381 868 regis
1414 818 1534 858 hanc
1566 819 1723 859 cedem
1756 820 2042 861 commisisse

400 904 565 932 manus
610 890 893 936 innotuisset,
956 889 1144 930 collecto
1191 893 1313 939 cetu,
1375 890 1597 944 quidnam
1645 891 1763 932 facto
1810 905 1926 945 opus
1973 893 2041 944 sit,

399 964 687 1016 indagatione
719 963 927 1003 consulta
959 961 1373 1015 perscrutabantur.
1434 963 1660 1015 Ambigua
1693 964 1861 1017 quippe
1901 964 2042 1005 fertur

399 1036 633 1087 sententia,
680 1034 957 1088 ancipitique
998 1034 1281 1073 fluctuabant
1317 1034 1502 1086 iudicio,
1548 1039 1700 1075 utrum
1735 1036 1793 1076 ob
1826 1036 2041 1077 facinoris

332 1123 371 1153 10
398 1109 648 1149 nouitatem
684 1107 829 1160 capite
862 1106 1073 1159 princeps
1105 1106 1388 1158 plecteretur,
1427 1120 1485 1147 an
1518 1107 1557 1147 ei
1590 1112 1865 1161 competeret
1895 1109 2041 1149 indul-

399 1182 560 1235 gentia.
624 1181 739 1220 Nam
781 1180 816 1219 si
861 1179 962 1218 date
995 1178 1214 1218 sententie
1246 1192 1322 1219 rex
1355 1179 1637 1233 subderetur,
1683 1184 1904 1235 tanquam
1946 1194 2041 1222 ace-

399 1255 525 1310 phali
557 1258 598 1295 et
629 1252 817 1306 profuge
849 1264 872 1291 a
907 1250 1087 1302 regione
1120 1250 1522 1292 exterminarentur
1560 1252 1729 1303 aliena3
1777 1253 1846 1293 sin
1886 1257 2036 1294 autem

398 1328 516 1380 regie
553 1326 862 1377 indulgeretur
899 1322 1165 1374 reuerentie,
1212 1324 1519 1376 corruptionis
1566 1325 1773 1377 exemplo
1816 1329 1856 1365 et
1893 1325 2040 1365 indul-

397 1400 544 1453 gentie
581 1412 606 1439 a
645 1397 803 1438 ceteris
848 1395 1056 1447 (similiter
1095 1394 1280 1448 peccari)
1327 1396 1558 1448 potuisset.
1621 1398 1841 1437 Vniuerse
1885 1401 2040 1437 tamen

331 1484 370 1514 15
398 1472 574 1514 cohorti
614 1472 700 1511 hec
744 1469 858 1509 sedit
904 1467 1137 1519 sententia,
1184 1481 1240 1507 ne
1285 1468 1333 1507 in
1376 1472 1609 1521 posterum
1648 1470 1901 1509 traheretur
1939 1469 2041 1509 inde

398 1543 737 1598 consequentia,
771 1541 813 1582 iu
875 1541 1040 1580 iactato
1086 1540 1132 1579 in
1174 1540 1325 1580 medio
1373 1541 1599 1581 contionis
1646 1541 1878 1594 puluinari
1922 1542 2039 1593 regis

397 1617 687 1659 clementiam
740 1613 1036 1668 procumbere
1088 1612 1244 1665 ibique
1302 1612 1582 1665 indulgentie
1639 1612 1907 1653 sententiam
1968 1613 2038 1654 vel

395 1689 555 1742 rigoris
587 1686 835 1741 prestolari.
899 1686 1001 1736 Quo
1035 1685 1166 1736 facto,
1208 1685 1323 1736 regis
1356 1685 1587 1738 propitiati
1619 1685 1870 1738 clementie,
1911 1685 2037 1725 omni

395 1775 584 1816 prossus
631 1760 860 1800 eliminata
908 1758 1253 1810 consequentia,
1308 1756 1458 1810 ipsum
1516 1757 1736 1809 erigentes
1787 1757 2036 1809 indulgent,

326 1847 367 1878 20
395 1833 744 1875 confirmatione
797 1831 1136 1871 conclamantes
1190 1829 1419 1880 unanimi,
1478 1833 1546 1881 ut,
1600 1830 1725 1870 omni
1781 1830 1836 1870 de
1889 1833 2036 1870 cetero

395 1905 734 1958 dispensatione
782 1907 975 1954 semota,
1032 1901 1299 1941 huiusmodi
1345 1902 1717 1953 transgressionis
1764 1905 2037 1955 exsequutor

394 1980 520 2019 nulla
575 1977 880 2018 satisfactione
934 1974 1084 2015 delicti
1138 1975 1193 2014 de
1250 1977 1397 2014 cetero
1451 1974 1785 2014 immanitatem
1837 1973 2037 2026 expiaret

394 2051 634 2104 capitalem
667 2048 971 2102 proculdubio
1004 2046 1245 2086 subeundo
1279 2046 1562 2095 sententiam,
1608 2046 1680 2086 uel
1713 2046 1886 2097 saltem,
1926 2049 2035 2086 tem-

394 2127 549 2177 perata
581 2123 688 2174 lege,
721 2121 924 2172 extorris,
964 2119 1196 2172 profugUS,
1240 2119 1298 2158 ab
1331 2118 1456 2159 omni
1489 2118 1674 2158 militari
1707 2118 1895 2170 collegio
1927 2129 2032 2158 cum

325 2210 366 2241 25
393 2196 616 2249 probroso
650 2192 1006 2246 nuncupationis
1047 2190 1289 2242 uocabulo,
1336 2190 1380 2230 id
1421 2194 1486 2230 est
1519 2190 1850 2242 Nithingsorth,
1896 2193 2033 2230 exter-

394 2268 595 2308 minatus
628 2266 817 2306 omnino
850 2265 1125 2305 abscederet.

1101 2458 1224 2501 CAP.
1258 2460 1332 2500 XI.

485 2697 728 2783 Rstquam
785 2728 901 2779 regis
957 2728 1293 2780 magnificentia
1350 2713 1525 2782 <mod0>
1580 2728 1832 2766 memorato
1889 2728 2031 2764 trans-

387 2802 631 2855 gressionis
670 2800 885 2840 delictum
929 2800 1142 2852 expiauit,
1189 2786 1280 2854 <ιιὶ>
1320 2800 1520 2853 quadam
1563 2797 1791 2838 fidelitatis
1833 2795 2029 2836 stabilita

387 2874 650 2915 constitutio
690 2872 862 2912 illibata
905 2876 1005 2912 octo
1044 2884 1200 2923 regum
1244 2871 1525 2924 [emporibus
1557 2868 1781 2909 constanti
1816 2867 2029 2908 firmitate

476 2981 509 3015 1.
542 2979 824 3015 veranouudie
864 2979 957 3023 (stro
1000 2980 1085 3012 uel9
1127 2977 1366 3021 iracundie).
1458 2976 1494 3011 2.
1530 2975 1649 3021 potis.
1740 2975 1774 3008 4.
1807 2983 1901 3008 vmo
1934 2974 2028 3018 (pro

390 3037 514 3080 ultio).
629 3037 736 3071 4-5.
798 3035 1042 3070 eonstinata.
1157 3035 1190 3070 8.
1254 3033 1541 3078 medagatione
1601 3042 1632 3067 c.
1696 3029 2027 3075 perscrutabam.

393 3096 451 3129 12.
484 3094 833 3128 examinarentur.
907 3092 963 3126 13.
999 3091 1137 3126 malim
1173 3091 1289 3136 regis.
1367 3090 1425 3125 15.
1459 3090 1576 3124 cedit.
1644 3088 1804 3123 15—16.
1839 3087 2028 3122 inconse-
