2150 3584
308 182 390 221 486
646 192 922 221 scmwomss
955 192 1181 221 ffls‘romAE
1213 191 1390 220 DANICAE
1422 192 1622 221 mmonns

424 306 719 346 stomachans
750 305 981 358 ingencia:
1285 310 1466 346 noceret
1498 306 1766 358 aduersitas,

423 391 526 418 vere
559 377 641 428 (tui
675 378 825 418 nescia
1285 378 1321 419 si
1352 379 1400 418 in
1433 378 1568 419 nobis
1600 378 1726 419 nulla
1759 379 1882 418 intus

424 455 566 491 status
599 450 883 502 ignorancia)
1284 455 1491 504 regnaret
1520 449 1750 504 iniquitas.

423 523 563 569 arida,
597 523 800 563 marcida
833 546 886 550 -—
1134 544 1135 559 ³
1284 523 1449 565 Absint
1484 533 1589 575 ergo
1621 523 1752 574 vicia,

423 596 589 637 scelera
622 599 772 635 vetera
1286 596 1495 649 adsitque
1526 595 1795 636 concordia:

424 669 522 709 dele
554 668 830 721 penitencia!
1134 665 1135 668 ’
1285 673 1497 721 rectores,
1529 668 1724 709 victores

1132 792 1134 800 k
1286 741 1470 794 erimus,
1502 740 1693 781 terimus

309 813 384 854 20.
424 814 559 854 Nulla
594 813 739 865 nobis,
773 817 818 853 vt
850 817 915 853 est
946 814 1073 865 ritus,
1285 814 1405 854 acies
1437 813 1685 867 oppositas.

732 938 808 979 21.
848 940 1175 994 Veruntamen,
1200 946 1245 981 vt
1273 952 1524 993 grauamen

849 1025 1120 1065 superemus
1151 1013 1370 1062 hostium,

849 1089 889 1124 et
921 1090 1127 1127 tutamen
1161 1098 1215 1126 ac
1246 1086 1466 1126 iuuamen

850 1159 929 1199 fiat
959 1171 1140 1212 paxque
1174 1159 1412 1208 mentium,

849 1231 907 1271 sit
938 1235 1146 1272 nostrum
1179 1231 1405 1284 refugium

849 1305 904 1345 ad
940 1304 1088 1344 Deum
1123 1303 1398 1358 propicium,

852 1390 935 1417 nos
961 1380 1006 1416 vt
1031 1380 1194 1429 seruet,
1218 1377 1305 1417 hos
1326 1380 1524 1428 enei-net5

851 1451 1034 1491 dextera
1067 1462 1286 1503 prospera

851 1524 990 1564 donet
1020 1523 1154 1563 nobis
1187 1521 1417 1575 gaudium.

399 1634 522 1677 20,1.
554 1633 659 1669 ritus
691 1632 730 1668 h.
765 1633 786 1668 I.
809 1648 854 1663 Ξ
876 1632 948 1669 fas.
990 1653 1045 1657 ——
1084 1633 1119 1668 6.
1153 1631 1347 1687 absitque
1378 1642 1514 1668 errore
1547 1633 1592 1668 H.
1624 1653 1679 1658 —
1719 1632 1754 1668 8.
1786 1632 1961 1669 terimus

313 1690 496 1737 rhythmi
537 1701 659 1726 causa
695 1701 771 1736 pro
807 1688 1117 1739 (con)teremus.
1221 1689 1292 1734 21,
1321 1690 1358 1727 8.
1404 1700 1607 1737 prospera
1630 1689 1874 1735 :fauente
1907 1710 1961 1714 —

314 1750 347 1784 9.
380 1748 528 1794 gaudia
563 1749 606 1787 Α,
638 1748 707 1784 sed
737 1747 933 1794 rhythmo
961 1748 1194 1794 postulante
1224 1746 1377 1793 gaudia
1407 1747 1561 1794 scripsi.
