2150 3584
322 1031 360 1063 10

320 1396 360 1426 15

318 1758 360 1789 20

319 2171 360 2201 25

387 250 469 289 348
724 260 1000 288 scmPToRES
1034 259 1260 288 HisromAE
1293 259 1469 287 DANICAE
1502 258 1703 287 MmoREs

389 374 540 424 Hella,
592 373 746 426 ipsum
794 372 915 413 filios
962 373 1151 424 hahere,
1199 372 1344 424 misit,
1399 373 1477 425 qui
1525 385 1630 413 eum
1677 385 1701 412 a
1750 372 2037 425 serpentibus

387 447 651 496 liberarent;
711 446 788 485 sed
835 449 1083 500 antequam
1129 445 1217 498 ipsi
1264 444 1490 495 venirent,
1548 445 1779 497 Regnerus
1825 445 2036 498 spiritum

387 519 596 559 exalauit.
660 519 819 571 Talem
853 517 1021 557 exitum
1057 517 1220 558 habuit
1250 516 1353 557 talis
1386 516 1610 570 princeps.
1667 516 1810 558 Cuius
1842 520 2037 557 mortem

387 592 498 630 dum
531 591 737 642 Ywarus,
785 590 907 630 filius
941 590 1051 642 eius,
1101 590 1296 630 existens
1329 589 1375 628 in
1408 589 1518 629 ludo
1551 589 1742 642 audiret,
1783 593 1878 629 tam
1911 589 2039 629 dissi-

388 663 615 703 mulanter
647 676 693 703 se
726 662 874 714 gessit,
907 666 954 702 vt
986 675 1069 703 nec
1101 663 1263 702 ludum
1296 661 1541 702 dimitteret
1569 674 1653 702 nec
1680 661 1842 702 faciem
1870 661 2038 714 aliqua-

386 739 518 775 tenus
565 749 589 775 a
629 735 820 788 pristina
869 734 1017 775 leticia
1056 734 1342 783 immutaret3
1390 733 1621 775 Siwardus
1663 738 1831 786 autem,
1879 734 2039 773 eodem

387 807 557 848 nuncio
590 808 762 860 audito,
794 811 920 848 tanto
953 807 1111 847 dolore
1143 810 1304 859 captus
1337 806 1433 854 fuit,
1466 811 1511 847 vt
1543 807 1687 856 hasta,
1725 818 1865 859 quam
1899 818 2040 845 manu

385 880 581 931 tenebat,
614 880 777 933 pedem
810 893 904 920 non
934 880 1178 920 aduertens
1203 878 1506 930 transfigeret;
1540 879 1618 919 sed
1645 882 1687 919 et
1705 879 1858 931 Byorn
1885 877 2040 918 audita

387 965 496 993 nece
529 952 670 1005 patris
701 956 909 1004 tesseras,
952 964 1057 992 cum
1091 951 1259 1004 quibus
1291 954 1401 991 tunc
1432 951 1552 1003 lusit,
1599 951 1714 992 adeo
1747 963 1890 990 manu
1921 962 2042 990 com-

388 1024 564 1077 pressit,
611 1028 657 1064 vt
699 1024 884 1076 sanguis
925 1037 1061 1077 super
1091 1023 1298 1064 tabulam
1332 1024 1387 1063 de
1420 1022 1765 1063 summitatibus
1796 1022 2041 1074 digitorum

387 1097 646 1150 proflueret.
708 1098 900 1137 Ywarus
940 1096 1075 1149 igitur
1114 1096 1160 1135 in
1201 1096 1412 1148 Angliam
1458 1109 1541 1149 pro
1581 1095 1859 1136 vindicanda
1901 1094 2042 1147 patris

387 1182 497 1209 nece
544 1169 769 1210 transiuit.
833 1169 923 1219 Qui
965 1170 1076 1209 dum
1119 1168 1370 1209 exereitum
1410 1181 1545 1208 suum
1589 1171 1796 1220 respectu
1837 1167 2040 1208 hostium

387 1241 525 1282 nimis
569 1241 803 1282 modicum
845 1241 1030 1293 videret,
1078 1241 1238 1294 petiuit
1278 1240 1335 1280 ab
1371 1240 1500 1281 Hella
1541 1243 1720 1280 tantum
1754 1239 1962 1292 spacium
1996 1239 2040 1279 in

386 1318 519 1365 terra,
567 1318 791 1368 quantum
832 1313 957 1354 corio
1001 1313 1170 1366 equino
1213 1312 1490 1353 circumdari
1533 1315 1708 1365 possetg
1755 1312 1879 1365 quod
1913 1312 2043 1352 Hella

388 1400 549 1439 parum
585 1390 803 1440 reputans
836 1386 874 1426 ei
907 1385 1143 1427 concessit.
1192 1386 1248 1425 At
1279 1385 1354 1425 ille
1383 1385 1559 1425 corium
1588 1385 1809 1437 equinum
1835 1384 1881 1424 in
1906 1384 2043 1425 exiles

388 1459 605 1511 corrigias
652 1459 847 1500 scissum
896 1458 1109 1509 extendit,
1162 1458 1316 1511 quoad
1361 1457 1616 1497 edificande
1664 1457 1760 1497 vrbi
1808 1457 2043 1497 sufficiens

388 1531 595 1584 spacium
629 1531 836 1581 inclusit;
868 1531 978 1571 vrbe
1011 1534 1272 1571 constructa
1304 1529 1517 1571 homines
1550 1533 1592 1570 et
1623 1529 1840 1570 alimenta
1867 1529 2043 1570 habun-

387 1604 548 1644 danter
579 1603 777 1654 ingessit.
829 1604 1004 1643 Interea
1030 1602 1261 1643 Siwardus
1289 1606 1331 1643 et
1356 1603 1507 1655 Byorn
1538 1615 1642 1642 cum
1678 1613 1809 1642 .cccc.
1843 1601 2044 1642 nauibus

388 1676 766 1729 superuenientes
799 1676 971 1716 bellum
1007 1676 1135 1715 Helle
1167 1674 1461 1715 denunciant.
1525 1674 1628 1724 Quo
1666 1674 1712 1714 in
1744 1674 1864 1715 bello
1897 1677 2043 1727 capto,

387 1749 577 1788 dorsum
618 1748 715 1788 eius
758 1748 890 1801 plaga
922 1747 1126 1801 aquilam
1160 1747 1383 1799 figurante
1416 1746 1557 1787 incidi
1588 1746 1832 1798 iusserunt,
1880 1746 2044 1786 deinde

388 1820 565 1861 vulneri
598 1821 717 1861 facto
751 1821 815 1861 sal
850 1820 1186 1873 insperseruntg
1230 1819 1401 1873 talique
1432 1823 1661 1859 tormento
1696 1819 1826 1859 Hella
1860 1822 2044 1872 propter

387 1905 546 1933 necem
596 1893 787 1945 Regneri
834 1893 972 1933 vitam
1022 1892 1184 1933 finiuit.
1277 1892 1510 1932 Siwardus
1565 1895 1607 1931 et
1655 1893 1809 1944 Byorn
1857 1892 1914 1932 ad
1962 1904 2043 1931 sua

387 1977 525 2018 regna
572 1965 825 2016 redierunt3
883 1966 1076 2006 Ywarus
1123 1964 1340 2005 dominus
1388 1962 1548 2016 Anglie
1594 1963 1815 2004 remansit
1861 1963 2043 2003 duobus

389 2051 538 2078 annls.

473 2161 524 2200 X.
599 2124 743 2203 Cum
787 2164 938 2201 autem
984 2160 1029 2200 in
1063 2160 1224 2212 Anglia
1267 2164 1523 2212 pugnantes
1564 2163 1726 2211 essent,
1777 2159 1895 2199 Dani
1929 2160 2046 2199 duos

388 2233 616 2286 principes
660 2247 797 2287 super
836 2247 882 2273 se
923 2233 1177 2284 elegeruntg
1225 2237 1382 2273 contra
1424 2246 1539 2286 quos
1581 2231 1660 2285 filij
1706 2231 1897 2283 Regneri
1938 2244 2042 2272 cum

390 2306 513 2346 mille
547 2306 843 2359 septingentis
878 2305 1076 2345 nauibus
1111 2305 1343 2345 venientes
1376 2305 1501 2358 ipsos
1528 2306 1651 2358 apud
1679 2303 1894 2345 Sleswich
1928 2304 2046 2344 bello

481 2444 512 2479 1.
547 2442 668 2477 iussit
697 2444 793 2488 (pro
826 2442 953 2485 misit)
987 2441 1026 2477 S.
1089 2442 1124 2477 3.
1155 2442 1303 2477 habuit
1335 2452 1411 2477 om.
1438 2442 1483 2477 V.
1550 2442 1582 2476 4.
1618 2441 1777 2476 Iwarus
1805 2440 1840 2476 h.
1869 2441 1892 2477 I.
1928 2440 2048 2482 DVA,

389 2500 430 2535 in
470 2511 574 2546 seqq.
615 2500 736 2536 eliam
786 2499 996 2535 nonnullis
1036 2498 1130 2534 Iocis
1174 2499 1217 2534 D.
1310 2499 1343 2534 4.
1385 2498 1701 2534 dissimulenter
1745 2498 1790 2534 D.
1883 2498 1918 2533 5.
1959 2497 2043 2533 lud.

388 2556 848 2602 ‹ii11].:spectaculi1m
884 2557 1149 2602 reIInqueret.
1227 2555 1427 2603 aliquatic)
1458 2556 1497 2592 S.
1560 2556 1594 2591 (ἱ.
1627 2555 1728 2599 ad(!)
1755 2555 1797 2591 D.
1862 2555 1895 2590 7.
1930 2557 2045 2590 tanto

388 2625 464 2649 om.
513 2614 551 2650 S.
662 2614 695 2649 8.
744 2614 950 2659 transfigit
998 2613 1037 2649 S.
1145 2616 1183 2648 ct
1229 2623 1305 2648 om.
1355 2612 1397 2648 A.
1503 2612 1609 2648 born
1658 2612 1703 2648 V.
1808 2611 1952 2647 audito
2000 2613 2043 2647 A.

390 2672 424 2707 9.
464 2675 644 2707 tesseras
686 2670 814 2715 Saae03
862 2674 1039 2706 tesseres
1080 2669 1206 2714 DVS;
1253 2667 1492 2718 casseres(!)
1523 2669 1554 2704 A
1598 2672 1792 2713 (tasseres
1830 2679 1931 2704 corr.
1967 2667 2042 2712 D3).

388 2739 482 2763 cum
527 2728 740 2774 aliquibus
773 2729 817 2763 A.
908 2734 1031 2763 manu
1066 2725 1110 2763 A.
1210 2727 1268 2763 12.
1310 2730 1349 2764 rY
1380 2728 1443 2771 (z
1467 2728 1675 2772 respectu)
1717 2727 1760 2762 D.
1857 2727 1915 2761 15.
1948 2736 2044 2760 con-

393 2787 504 2821 sessit
539 2786 581 2821 D.
659 2784 777 2820 exilis
802 2786 844 2820 A.
911 2786 970 2820 16.
1004 2785 1181 2819 scissum
1217 2785 1265 2826 ὃς
1298 2783 1461 2819 scissim
1491 2784 1609 2824 DVA,
1641 2783 1749 2829 quod
1779 2783 1899 2818 eliam
1934 2782 2044 2820 Saxo

389 2842 518 2878 habel.
594 2842 733 2887 quoad
767 2842 928 2888 scripsi3
962 2853 1043 2887 qua
1076 2841 1188 2877 codd.
1270 2843 1327 2877 17.
1361 2841 1587 2876 constituta
1622 2841 1666 2885 V⁷
1699 2840 1767 2876 sed
1799 2851 1849 2875 m.
1888 2839 1906 2875 1
1941 2850 2041 2875 corr.

391 2899 429 2934 in
465 2902 719 2935 constructa.
768 2899 875 2945 quod
907 2901 962 2934 est
993 2899 1033 2934 in
1071 2898 1183 2933 DAS.
1274 2898 1540 2933 abundanter
1573 2897 1649 2933 DS.
1746 2898 1806 2933 18.
1839 2898 1965 2942 gessit
1997 2896 2042 2941 S;

390 2956 547 2991 inuexit
580 2956 698 2991 Saxo.
780 2957 842 2991 20.
876 2956 1015 3001 aquila
1050 2957 1093 2991 A.
1177 2956 1422 3000 figurantem
1457 2954 1496 2989 S.
1573 2955 1636 2990 25.
1668 2953 1882 3000 suscriptio
1915 2954 1956 2989 in
1990 2954 2041 2989 D:

391 3013 605 3049 siwardus
625 3014 694 3057 583
730 3013 769 3048 in
800 3013 987 3057 maraine
1012 3014 1043 3048 A
1070 3012 1197 3058 paulo
1223 3013 1424 3058 superius:
1459 3021 1580 3047 Lxxu.
1607 3011 1759 3058 Inguer
1779 3006 1981 3057 Regnerss.
2003 3031 2038 3034 —

392 3081 531 3106 Lxxffl.
561 3071 707 3105 Siuard
737 3071 906 3114 inguers
932 3069 1106 3113 broder3
1137 3069 1292 3112 deinde,
1318 3079 1416 3113 qnos
1440 3068 1636 3104 nec-Saxo
1660 3079 1732 3104 nec
1755 3067 2039 3113 compendium

392 3126 519 3169 habel,
569 3128 636 3162 sed
675 3138 774 3173 quos
807 3127 956 3163 Annal.
993 3127 1169 3172 Ryenses
1210 3129 1245 3161 et
1283 3126 1355 3161 alii
1392 3125 1621 3174 nominant,
1668 3135 1823 3161 Lxxnn.
1857 3124 2039 3170 Sigefred

391 3194 440 3220 oe
465 3184 591 3219 Anull'
616 3187 670 3228 (02
703 3184 864 3228 Anulo').
928 3194 1044 3219 Lxxv.
1082 3183 1322 3229 Regenfrcd.
1387 3184 1449 3219 27.
1483 3182 1656 3218 Sleswik
1680 3184 1731 3227 A;
1764 3181 1975 3217 Slaeswich
1997 3180 2039 3217 V.
