2150 3584
506 231 798 259 (ῑοΜΡΕΝιηνΜ
834 231 1032 261 εΑΧοΝιὸ.
1083 234 1164 261 ΜΒ.
1201 234 1256 260 vn
1623 225 1697 263 311

61 359 138 400 per
151 345 412 386 Haldanum
430 345 689 385 transcendi
707 332 913 399 <videns>,
931 347 1116 387 vlterius
1137 361 1225 387 non
1247 352 1513 400 exspectans
1533 349 1701 388 bellum

60 431 165 460 cum
183 417 660 465 Haldanointraui13a
680 430 771 471 quo
790 430 893 458 cum
914 419 1043 460 letale
1062 420 1229 460 vulnus
1248 420 1501 472 recepisset,
1518 421 1704 460 abiectis

60 491 199 532 armis
231 491 400 531 cadens
431 490 667 530 confessus
711 494 788 539 est,
831 503 876 530 se
911 491 1092 531 fratrem
1128 505 1261 531 suum
1305 506 1412 532 esse.
1476 492 1563 542 Qui
1599 505 1701 532 cum

60 564 116 604 ab
152 564 362 603 Haldano
409 566 685 615 argueretur,
733 576 874 616 quare
916 563 1002 603 hoc
1043 563 1168 616 prius
1212 578 1300 604 non
1336 564 1510 613 dixerit,
1557 565 1616 604 ait
1659 578 1705 604 se

60 637 161 676 ideo
186 635 379 687 siluisse,
405 648 459 675 ne
485 639 563 675 aut
588 646 787 688 pugnam
816 636 1024 686 negando
1051 636 1245 688 ignauus
1274 641 1349 676 aut
1377 637 1705 676 committendo
1733 644 1750 673 5

61 708 276 749 scelestus
309 708 586 757 crederetur;
620 712 661 748 et
694 708 777 748 hec
808 708 964 748 dicens
997 709 1258 761 exspirauit.

146 780 289 821 XIIII.
353 780 585 821 Venerunt
631 784 784 820 autem
832 780 932 820 falsi
981 793 1190 821 rumores
1235 782 1277 821 in
1326 781 1535 828 Daniam,
1582 782 1704 835 quod

62 854 299 894 Haldanus
331 853 389 893 ab
419 853 659 905 Hildegero
693 853 871 892 occisus
900 857 1027 893 esset.
1078 853 1309 893 Siwardus
1342 854 1489 905 igitur,
1525 854 1707 893 nobilis-

61 926 204 966 simus
223 926 470 975 Saxonum,
498 925 734 978 Gyritham
763 926 1060 978 p1·ocabatur;
1093 926 1164 966 cui
1194 926 1266 965 illa
1296 927 1544 979 respondit,
1570 927 1707 979 quod,

61 999 96 1038 si
145 998 275 1039 vellet
321 997 417 1038 eius
466 998 657 1050 nupcias
704 998 885 1046 habere,
943 1010 1134 1050 regnum
1185 999 1422 1038 Danorum
1472 999 1514 1038 in
1565 1011 1703 1039 vnum

60 1070 300 1122 colligeret,
348 1071 468 1123 quod
520 1071 810 1110 membratim
860 1083 939 1123 per
978 1071 1131 1124 plures
1177 1082 1303 1122 reges
1350 1071 1550 1111 diuisum
1600 1076 1706 1118 erat,

61 1143 196 1197 idque
240 1142 325 1182 sibi
371 1142 537 1182 iniuste
577 1143 781 1183 ablatum
824 1143 1091 1183 restitueret.
1155 1143 1387 1183 Siwardus
1427 1155 1530 1194 ergo
1567 1144 1708 1183 Danis

61 1216 252 1269 pecunIa
286 1215 511 1268 corruptis
533 1215 726 1255 Daniam
761 1216 928 1268 recepit
954 1216 1305 1269 disponendam.
1356 1216 1488 1266 Quod
1517 1216 1707 1256 audiens

61 1288 105 1328 in
127 1288 290 1328 Ruscia
312 1288 550 1328 Haldanus
578 1288 623 1327 in
651 1288 847 1328 Daniam
873 1288 1148 1341 quantocius
1174 1288 1436 1332 festinabat;
1469 1289 1708 1341 primaque

60 1362 131 1401 die
173 1360 444 1414 nupciarum
495 1361 647 1400 aulam
696 1361 969 1412 ingrediens,
1017 1373 1122 1401 cum
1164 1374 1189 1400 a
1231 1361 1403 1412 virgine
1449 1360 1707 1412 recognitus

61 1433 231 1486 fuisset,
279 1446 500 1486 sponsum
541 1445 645 1473 cum
695 1433 789 1473 suis
823 1433 1081 1474 Saxonibus
1122 1433 1359 1474 interfecit.
1424 1434 1563 1485 Igitur
1603 1445 1706 1473 cum

62 1506 248 1559 Gyritha
270 1505 460 1559 nupcias
489 1517 627 1557 agens
646 1505 792 1545 filium
823 1519 875 1546 ex
893 1518 943 1545 ea
965 1505 1218 1545 Haraldum
1239 1507 1483 1558 generauit.
1522 1506 1710 1558 Propter

62 1578 139 1631 filij
176 1578 358 1618 titulum
392 1579 535 1618 voluit
567 1590 758 1630 regnum
788 1578 991 1618 diuisum
1019 1578 1336 1630 redintegrare.
1386 1579 1457 1619 Ob
1491 1579 1577 1618 hoc
1603 1590 1706 1617 cum

61 1651 106 1691 in
141 1650 369 1691 Sialendia
403 1651 604 1699 bellaret,
645 1663 669 1690 a
710 1651 892 1691 Weseto
926 1650 1076 1703 pugile
1115 1650 1161 1690 in
1202 1651 1297 1691 acie
1329 1651 1570 1700 occiditur,
1618 1663 1708 1704 quo

61 1723 158 1764 viso
192 1722 365 1776 Gyrith,
408 1736 495 1777 que
535 1723 581 1762 in
623 1723 739 1763 virili
782 1723 943 1763 habitu
982 1723 1101 1763 bello
1134 1723 1349 1773 interfuit,
1392 1723 1538 1764 filium
1574 1736 1710 1776 super
1736 1733 1754 1762 ¹.·

65 1796 275 1849 scapulas
306 1795 531 1848 recipiens
564 1807 669 1836 cum
704 1809 756 1836 eo
790 1796 845 1836 ad
880 1795 1142 1848 proximum
1176 1809 1339 1836 nemus
1371 1796 1494 1848 fugit.

146 1919 238 1958 XV.
298 1883 366 1960 H
386 1919 622 1958 araldus
655 1922 822 1970 autem,
855 1918 1049 1958 audiens
1067 1918 1302 1958 Wesetum
1336 1918 1383 1958 in
1410 1918 1572 1959 Scania
1599 1931 1710 1971 nup-

62 1991 154 2031 cias
171 1994 396 2041 acturum,
421 1990 530 2030 illuc
557 1991 600 2030 in
621 1990 770 2043 specie
799 1990 925 2042 egeni
944 1991 1085 2039 venit,
1118 1995 1252 2044 atque
1278 1991 1495 2031 omnibus
1514 2004 1709 2044 sompno

62 2063 260 2115 grauatis
300 2063 554 2103 thalamum
599 2063 723 2103 trabe
756 2063 931 2116 irrupit,
965 2064 1241 2117 Wesetoque
1282 2063 1516 2103 interfecto
1551 2064 1710 2104 Scanie

63 2136 320 2176 dominium
362 2139 428 2175 est
467 2136 671 2188 adeptus
750 2136 870 2175 Dum
911 2140 1063 2175 autem
1104 2136 1338 2176 Wesetum
1380 2137 1709 2188 aggrederetur,

65 2208 158 2261 ipse
189 2209 229 2248 ei
262 2220 366 2248 cum
400 2208 492 2248 ictu
525 2208 642 2247 duos
674 2208 831 2248 dentes
864 2208 1080 2257 excussit;
1121 2221 1319 2261 quorum
1354 2208 1454 2248 loco
1489 2208 1599 2247 dum
1633 2207 1706 2260 alij

62 2281 154 2320 duo
173 2280 311 2320 nimis
328 2279 580 2320 eminentes
606 2284 923 2331 recrescerent,
951 2280 1202 2320 Hilditan
1229 2285 1292 2320 est
1313 2284 1512 2321 vocatus.
1549 2280 1709 2320 Postea

151 2402 183 2437 1.
217 2401 363 2437 videns
395 2411 444 2436 ‹²oe
465 2401 626 2437 Saxone
656 2401 888 2437 addendum
919 2401 1075 2447 putaui.
1147 2401 1319 2436 vlterius
1347 2411 1424 2436 om.
1452 2400 1491 2437 S.
1556 2401 1590 2436 3.
1616 2411 1711 2435 con-

65 2458 217 2494 cadens
235 2459 278 2494 A.
327 2460 362 2494 4.
380 2459 539 2494 dixerat
558 2458 672 2494 DAS.
723 2459 832 2494 4—5.
851 2470 897 2494 ac
909 2456 949 2506 (!)
972 2469 1013 2494 se
1039 2458 1148 2493 idem
1168 2458 1230 2493 sil.
1250 2459 1299 2503 A,
1330 2459 1386 2493 ait
1403 2468 1446 2493 se
1465 2457 1568 2493 adeo
1588 2458 1650 2493 sil.
1672 2457 1710 2493 S.

69 2514 103 2550 6.
124 2515 260 2551 scelus
275 2516 319 2551 A.
380 2516 461 2551 hoc
481 2516 560 2551 DA.
622 2515 829 2561 expirauit
848 2516 887 2550 S.
952 2516 986 2550 8.
1007 2515 1220 2561 Hildigero
1239 2514 1276 2550 h.
1293 2515 1314 2550 I.
1334 2515 1377 2550 A.
1443 2515 1501 2550 10.
1524 2515 1652 2550 Danie
1672 2514 1710 2550 S.

70 2572 129 2608 12.
170 2582 267 2619 ergo
309 2573 401 2618 DV;
447 2573 572 2619 igitur
604 2572 678 2608 AS.
772 2574 834 2610 14.
879 2572 1087 2609 baldanus
1130 2572 1169 2607 in
1212 2570 1377 2619 ru(s)cia
1418 2572 1492 2607 AS.
1584 2582 1708 2618 quam

65 2627 228 2678 totus(!)
259 2630 302 2666 V.
367 2630 428 2665 16.
461 2630 547 2665 suis
580 2640 657 2665 om.
690 2630 766 2665 AS.
830 2631 890 2665 17.
922 2629 1071 2675 gyrtha
1104 2629 1193 2672 DV,
1225 2629 1344 2674 gii-ita
1372 2630 1415 2664 A.
1481 2630 1542 2664 18.
1578 2628 1712 2664 filiun-

65 2686 204 2722 culum
238 2687 279 2731 S,
309 2697 412 2724 corr.
447 2687 487 2722 in
521 2686 652 2722 filiurn
687 2697 796 2722 man.
829 2687 1043 2729 recentior,
1078 2686 1148 2732 filij
1183 2686 1360 2732 tytulum
1397 2686 1438 2721 A.
1527 2686 1708 2721 diuisum

66 2753 142 2779 om.
161 2744 204 2780 D.
277 2744 531 2790 reintegrare
549 2744 614 2779 AS
636 2743 745 2792 (item
771 2743 863 2785 312,
883 2742 930 2790 3).
998 2744 1055 2779 19.
1081 2743 1122 2778 in
1151 2743 1400 2789 fyalendiam
1419 2743 1462 2778 A.
1526 2747 1664 2778 veseto
1683 2742 1710 2778 S

66 2800 303 2847 plerumque
332 2798 440 2849 (item
474 2801 525 2837 22
561 2799 620 2848 D).
695 2801 756 2836 20.
790 2801 880 2836 visu
914 2801 958 2835 V.
1033 2801 1196 2845 gyritba
1230 2801 1271 2835 A.
1349 2799 1504 2835 bellum
1538 2799 1612 2842 AS,
1645 2799 1712 2834 sed

29 2856 107 2891 ·in
155 2857 183 2893 S
229 2860 462 2893 correctum.
582 2858 748 2893 20—21.
796 2857 873 2893 sub
920 2857 1114 2903 scapulas
1162 2858 1211 2899 A,
1267 2857 1344 2892 sub
1391 2854 1626 2904 scapulisC)
1672 2856 1710 2891 S.

69 2913 130 2949 22.
163 2914 375 2961 Inscriptio
407 2915 447 2950 in
483 2915 534 2950 D:
572 2915 715 2950 Harild
750 2914 935 2949 Hilditan
970 2912 1086 2961 .4.(!);
1123 2914 1163 2949 1'11
1197 2915 1246 2950 A:
1283 2914 1340 2949 De
1376 2914 1480 2959 Rege
1515 2913 1712 2951 Haraldo.

68 2970 159 3006 etin
180 2982 331 3018 mary.:
365 2982 415 3007 LI.
443 2971 597 3007 Harald
619 2971 852 3018 Hylletand.
916 2971 979 3006 23.
1007 2971 1106 3006 illuc
1131 2981 1208 3006 om.
1226 2971 1302 3006 AS.
1364 2972 1427 3006 24.
1453 2971 1651 3005 talamum
1673 2970 1710 3005 S.

68 3028 184 3064 trabe
211 3028 337 3073 Saxo,
369 3029 490 3064 turbe
521 3029 633 3064 codd.
710 3028 900 3075 perrupit
924 3027 1085 3072 malim,
1118 3027 1301 3074 pertudit
1328 3028 1446 3064 Saxo.
1511 3028 1572 3063 26.
1606 3028 1711 3062 duos

69 3083 105 3119 d.
128 3094 158 3120 c.
184 3085 267 3121 ictu
286 3086 331 3123 V.
394 3086 459 3121 27.
485 3089 777 3122 excresserunt
794 3086 838 3121 A.
902 3084 1089 3120 halditan
1110 3085 1163 3130 D;
1195 3084 1379 3121 hildetan
1399 3086 1449 3125 Α;
1482 3084 1653 3120 hilletan
1673 3084 1711 3120 S.

1437 3151 1503 3182 21*

1737 1006 1775 1035 lt)

1738 1369 1775 1399 15

1736 2145 1777 2175 25
