2150 3584
753 245 980 275 CHRONICA
1011 245 1220 274 ivri-:⁸515
1573 224 1576 227 ’
1728 233 1807 272 457

249 363 500 416 Postquam
542 361 645 414 plus
686 373 825 414 quam
869 372 948 413 per
988 372 1162 400 annum
1207 372 1383 400 moram
1427 358 1724 399 contraxisset
1766 358 1810 398 in

163 434 416 483 Sialendia‚
475 432 595 473 venit
641 433 805 473 iterum
853 432 899 472 in
946 432 1125 473 Juciam
1176 432 1232 471 ad
1281 431 1530 484 predictam
1580 430 1811 470 ciuitatem

161 507 520 558 Wibergensem,
567 505 760 546 sabbato
793 504 1003 558 proximo
1036 508 1140 544 ante
1172 503 1336 543 festum
1372 507 1634 543 sanctorum
1672 502 1812 542 Primi

161 583 203 621 et
237 578 455 620 Feliciani
495 577 879 619 conuenientibus
917 576 1087 617 ibidem
1129 576 1396 616 melioribus
1429 575 1553 627 regni
1587 574 1813 616 tractanti-

161 652 333 705 busque
353 651 408 692 de
432 650 632 702 negociis
659 649 797 701 regni.
840 648 1141 689 Tractabatur
1167 648 1304 699 igitur
1330 648 1500 688 ibidem
1526 648 1641 688 inter
1666 651 1811 687 cetera

161 726 216 765 de
248 723 427 764 statutis
459 722 699 764 seruandis
732 734 810 775 per
841 721 1206 771 Waldemarum,
1254 720 1290 760 si
1331 733 1488 760 eorum
1535 732 1631 759 esse
1663 732 1740 759 rex
1772 722 1814 759 et

160 796 378 837 dominus
418 794 650 835 voluisset.
715 793 782 834 lbi
829 793 965 845 igitur
1011 796 1231 833 statutum
1278 792 1395 843 fecit,
1441 793 1578 846 ‘quod
1620 804 1813 844 persone

160 867 462 910 ecclesiastice
504 866 696 917 iuribus,
743 865 1139 906 iurisdictionibus
1182 869 1222 904 et
1264 865 1551 905 libertatibus
1584 864 1811 904 bonorum

161 953 350 982 suorum
398 952 452 980 ac
490 938 661 979 familie
707 950 787 978 sue
826 937 965 977 libere
1004 938 1201 989 gaudere
1244 937 1471 978 deberent.
1537 937 1647 976 Item
1689 936 1811 989 quod

159 1013 335 1054 decime
368 1011 663 1053 ecclesiarum
695 1023 720 1051 a
753 1021 855 1062 rege
886 1022 979 1050 non
1012 1013 1285 1063 peterentur,
1334 1009 1420 1049 nisi
1462 1020 1625 1061 vrgens
1664 1020 1815 1048 neces-

160 1086 269 1126 sitas
300 1083 597 1126 incubuisset.
661 1083 717 1123 Et
755 1083 812 1122 ad
853 1082 941 1122 hoc
972 1094 1226 1123 consensus
1259 1081 1582 1135 episcoporum
1617 1084 1657 1121 et
1689 1080 1813 1120 meli-

160 1171 292 1199 orum
326 1156 451 1209 regni
483 1155 790 1196 adhiberetur.
840 1154 895 1194 Et
925 1158 1035 1195 tunc
1068 1154 1253 1207 prelatis
1286 1158 1328 1194 et
1359 1154 1546 1195 ecclesie
1579 1153 1813 1193 sufficiens

160 1230 286 1271 fieret
324 1228 483 1271 caucio
524 1241 606 1281 pro
639 1227 824 1268 eisdem.
889 1227 1000 1267 Item
1034 1227 1157 1280 quod
1191 1226 1343 1268 clerici
1376 1230 1417 1267 et
1449 1239 1643 1279 persone
1676 1226 1812 1266 eccle-

160 1302 339 1344 siastice
377 1303 436 1342 ad
475 1300 695 1354 placitum
738 1300 942 1341 seculare
980 1299 1049 1341 vel
1092 1311 1247 1340 coram
1288 1299 1438 1340 iudice
1481 1298 1672 1339 seculari
1719 1311 1810 1338 non

158 1375 419 1425 citarentur,
465 1385 550 1414 nec
579 1372 877 1421 talliarentur,
925 1384 1009 1412 nec
1041 1375 1199 1413 contra
1232 1385 1309 1412 eos
1341 1372 1484 1412 littere
1516 1371 1636 1423 regie
1669 1371 1805 1423 impe-

158 1450 387 1488 trarentur
419 1459 497 1487 seu
530 1446 748 1486 darentur
778 1457 1055 1499 quacunque
1087 1445 1142 1484 de
1175 1457 1328 1495 causa,
1374 1445 1451 1484 sed
1494 1443 1592 1484 foro
1625 1443 1812 1484 ecclesie

160 1522 318 1560 contra
357 1532 434 1560 eos
473 1529 604 1570 agere
641 1520 917 1557 tenerentur.
981 1517 1093 1556 Item
1136 1517 1261 1570 quod
1301 1517 1456 1557 nullus
1497 1520 1739 1556 extraneus
1771 1519 1813 1555 et

160 1591 312 1644 ignote
365 1591 515 1644 lingue
569 1590 641 1631 vel
693 1589 956 1643 imperfecte
1011 1589 1140 1629 etatis
1195 1589 1252 1629 ad
1281 1586 1292 1631 ΙΙ
1321 1589 1523 1642 aliquam
1571 1588 1811 1629 ecclesiam

160 1651 511 1718 (presentemur,
560 1676 636 1703 nec
680 1675 758 1702 rex
804 1662 937 1702 ullum
985 1660 1186 1701 clericum
1235 1662 1294 1701 ad
1333 1661 1530 1714 aliquam
1569 1647 1811 1714 ecclesiam>

160 1740 452 1791 presentaret,
494 1735 582 1777 nisi
621 1734 707 1776 sibi
748 1747 925 1776 merum
967 1734 1039 1775 ius
1078 1733 1125 1773 in
1157 1733 1277 1774 dicta
1310 1733 1498 1775 ecclesia
1533 1736 1810 1786 competeret

252 1904 360 1941 1—2.
401 1906 626 1950 postquam
668 1903 710 1938 in
757 1902 1002 1947 sialandiafl)
1049 1902 1274 1949 plusquam
1326 1912 1399 1947 per
1444 1911 1601 1936 annum
1650 1911 1811 1935 moram

162 1961 439 1997 contraxisset
463 1961 510 2005 V,
543 1961 714 2006 itemque
739 1960 784 2004 Α,
816 1959 896 1995 nisi
926 1959 1035 2006 quod
1066 1959 1282 2005 syalendia
1307 1957 1445 1994 scribit
1474 1960 1510 1994 et
1541 1968 1615 2004 per
1646 1957 1812 2001 omittil;

158 2021 353 2065 praeterea
394 2018 434 2054 in
467 2017 500 2054 Α
532 2017 713 2064 sequitur
743 2027 822 2052 vox
851 2017 992 2055 Annis.
1033 2019 1128 2063 post
1166 2027 1290 2063 quam
1335 2016 1474 2051 vocula
1516 2015 1654 2061 aliqua
1697 2025 1812 2050 erasa

162 2077 228 2112 est.
285 2075 381 2111 Hoec
413 2074 532 2111 uerba
563 2074 608 2111 111·
638 2074 718 2110 duo
749 2074 902 2110 codices
934 2085 1024 2110 cum
1054 2072 1372 2120 praecedentibus
1403 2073 1618 2108 coniuncta
1650 2071 1812 2116 habent,

162 2134 362 2169 commate
375 2134 469 2179 post
483 2132 708 2179 oportebat
721 2131 864 2178 posito.
899 2131 951 2167 At
975 2131 1013 2167 in
1035 2131 1062 2167 S
1091 2130 1210 2167 verba
1230 2131 1456 2176 Postquam
1477 2130 1701 2176 plusquam
1720 2125 1811 2175 per!

163 2192 238 2238 ρο)
269 2201 424 2225 annum
459 2200 620 2225 moram
655 2189 932 2225 contraxisset
964 2190 1059 2233 (om.
1087 2188 1129 2223 in
1158 2187 1385 2232 Sialandia)
1418 2197 1570 2222 nouam
1600 2186 1815 2232 periodum

165 2247 376 2294 incipiunt,
421 2249 458 2282 et
488 2246 531 2284 in
563 2246 626 2282 his
659 2245 787 2282 verbis
819 2245 965 2281 desinit
995 2255 1144 2281 manus
1172 2245 1334 2291 primm
1372 2246 1510 2290 postea
1544 2254 1635 2279 vero
1667 2253 1816 2278 manus

163 2304 259 2345 aliu.
309 2315 398 2350 quae
429 2314 512 2339 non
545 2304 671 2339 multo
703 2303 902 2339 recentior
931 2302 1035 2338 mihi
1066 2302 1232 2347 videtur,
1275 2301 1492 2348 pallidiore
1523 2302 1751 2337 atramento
1783 2301 1818 2335 et

168 2360 352 2398 tenuibus
383 2361 589 2407 acutisque
622 2360 759 2396 litteris
792 2359 1006 2406 multisque
1037 2358 1229 2395 adhibitis
1260 2359 1471 2404 scripturae
1499 2357 1749 2404 compendiis
1775 2357 1817 2392 in

166 2419 307 2454 ultimo
337 2417 438 2464 foli0
469 2417 616 2453 codicis
655 2417 713 2461 (id
743 2419 810 2462 est,
859 2417 899 2453 in
939 2416 1130 2462 inferiore
1156 2419 1274 2462 parte
1307 2415 1377 2461 fol.
1414 2414 1510 2451 13οΓ
1548 2417 1584 2450 et
1613 2414 1819 2461 superlore

160 2478 279 2522 purte
314 2475 384 2522 fol.
429 2474 540 2520 130⁰)
589 2485 634 2510 ea
680 2474 895 2520 suppleuit,
944 2484 1033 2519 quoe
1073 2484 1198 2519 supra
1239 2473 1347 2509 edidi
1391 2473 1447 2516 (in
1496 2472 1818 2508 Sialandia..et

165 2533 366 2579 quietum,
399 2543 432 2568 v.
462 2531 624 2577 1—458,
648 2531 723 2577 17).
773 2530 868 2566 Haec
901 2531 942 2566 in
972 2531 1057 2566 solo
1089 2531 1222 2566 codice
1247 2530 1274 2566 S
1306 2531 1467 2565 seruata
1501 2540 1582 2565 esse
1610 2529 1818 2572 videntur;

165 2590 233 2626 sed
278 2589 429 2625 similia
478 2589 520 2624 in
565 2599 638 2624 suo
686 2587 833 2624 Chron.
878 2588 957 2624 Jut.
1005 2587 1231 2633 exemplari
1275 2586 1437 2622 Petrum
1480 2585 1570 2622 Olai
1617 2586 1820 2621 inuenisse

165 2657 291 2692 supra
324 2646 488 2682 ostendi.
539 2645 722 2681 Ceterum
753 2645 801 2680 de
831 2644 909 2681 hac
939 2655 981 2680 re
1011 2644 1278 2690 conferantur
1307 2655 1365 2687 ea,
1398 2654 1486 2689 quoe
1515 2643 1556 2678 in
1578 2642 1820 2689 praefatione

168 2703 257 2739 dixi
290 2715 330 2750 p.
364 2703 444 2739 213
473 2714 528 2749 sq.
577 2724 617 2727 —
666 2703 703 2740 4.
746 2702 1025 2737 tractantibus
1072 2704 1166 2746 (0111.
1208 2704 1303 2748 que)
1347 2700 1385 2736 S.
1463 2701 1497 2737 7.
1538 2700 1634 2736 fecit
1666 2700 1705 2739 S.
1752 2699 1820 2735 sed

167 2761 309 2796 malim
342 2759 429 2796 fuit.
493 2759 586 2804 Lex,
626 2770 716 2806 quoe
746 2759 937 2804 sequitur,
983 2759 1036 2794 ad
1067 2758 1374 2794 similitudinem
1409 2757 1492 2793 eius
1523 2756 1820 2792 constitutionis

164 2817 344 2863 formata
376 2819 443 2862 est,
476 2828 600 2864 quam
632 2815 741 2852 dedit
762 2815 1042 2852 Waldemarus
1068 2815 1133 2851 III.
1167 2816 1303 2851 eodem
1336 2815 1399 2850 die
1423 2814 1527 2850 anni
1553 2814 1680 2855 132&
1712 2813 1821 2849 hanc

166 2875 491 2911 constitutionem
523 2874 564 2909 in
590 2872 820 2909 Annalibus
852 2872 1037 2908 Archiuii
1068 2872 1183 2918 Rngii
1208 2871 1357 2908 Danici
1390 2871 1482 2916 (uol.
1509 2871 1549 2906 II
1572 2882 1612 2917 p.
1643 2870 1690 2907 11
1718 2872 1818 2917 sqq.)

167 2931 343 2967 Hauniae
386 2931 510 2967 annis
543 2930 748 2967 1856-60
788 2929 936 2965 editam
978 2930 1206 2975 conspicere
1239 2929 1336 2973 licet,
1384 2930 1420 2964 et
1455 2938 1504 2964 ex
1543 2939 1587 2963 ea
1630 2927 1814 2970 editione,

167 2998 291 3034 quam
324 2988 452 3024 littera
485 2988 520 3024 C
550 2987 726 3034 siynaui,
768 2986 835 3022 hic
871 2986 1039 3033 quidam
1082 2986 1159 3022 loci
1188 2986 1368 3032 corrupti
1399 2985 1609 3020 emendari
1636 2986 1817 3030 possunt.

171 3045 232 3080 18.
279 3045 387 3091 ligue
434 3045 473 3081 S.
562 3045 626 3080 20.
673 3046 838 3090 pfitaret
886 3043 926 3087 S,
971 3043 1040 3078 sed
1078 3043 1251 3079 ostendit
1295 3042 1329 3079 C
1370 3042 1435 3078 hic
1474 3042 1661 3090 quoedam
1700 3040 1818 3077 verba

170 3101 374 3147 excidisse,
408 3112 497 3150 quoe
529 3102 562 3139 C
595 3103 750 3137 secutus
783 3100 978 3149 suppleat.

1843 1017 1882 1048 10

1838 1380 1878 1410 15

1835 1742 1878 1774 20
