2150 3584
580 206 873 236 COMPENDWM
908 208 1105 237 SAonls.
1157 210 1238 238 Lm.
1275 210 1331 237 vn
1698 201 1780 239 299

221 321 295 362 111.
362 322 468 361 Post
507 321 603 372 hec,
650 333 754 361 cum
799 320 875 373 filij
921 322 1121 372 Haraldi,
1173 323 1400 363 Haraldus
1442 327 1482 363 et
1528 324 1778 373 Haldanus,

132 395 188 435 ad
222 405 377 435 necem
412 407 437 434 a
471 397 633 447 patruo
666 398 976 446 quererentur,
1025 394 1269 435 nutritores
1312 408 1469 435 eorum
1514 396 1636 448 ipsos
1677 397 1779 436 sub-

132 465 265 506 tiliter
312 465 620 506 saluauerunt.
713 465 829 505 Nam
886 466 1022 518 pedes
1075 453 1202 520 (sibi)
1250 468 1462 520 luporum
1513 468 1779 521 recipientes

131 537 301 579 crebris
333 537 532 589 vestigiis
565 537 752 577 niuibus
785 537 1114 590 impresserunt
1147 539 1214 579 vel
1250 540 1365 589 luto;
1413 540 1576 580 deinde
1617 541 1779 580 occisis

131 609 401 651 ancillarum
459 609 564 649 filiis
619 622 810 663 corpora
865 622 1024 650 eorum
1079 611 1303 651 frustatim
1352 611 1692 665 discerpserunt
1739 617 1812 653 et.

131 695 267 735 super
300 685 463 722 terram
497 682 828 736 disperserunt3
862 695 914 723 ex
947 682 1116 735 quibus
1146 684 1286 736 signis
1313 684 1370 723 ab
1397 684 1614 724 omnibus
1639 685 1778 724 credi-

131 758 227 794 tum
261 758 339 801 est,
388 754 576 795 Haraldi
621 754 741 795 filios
773 767 797 794 a
832 754 987 794 bestiis
1020 755 1255 796 laceratos.
1319 756 1408 807 Qui
1444 769 1548 796 mox
1581 770 1604 796 a
1639 757 1777 797 nutri-

131 826 306 867 toribus
332 826 388 866 -in
431 827 632 881 quadam
673 839 787 867 caua
828 826 990 867 arbore
1034 827 1346 880 includuntur,
1394 828 1548 883 ibique
1580 829 1657 868 diu
1692 829 1777 869 sub

130 911 298 940 canum
332 898 480 952 specie
513 898 791 939 nutriuntur.
855 899 940 940 Sed
980 912 1087 940 cum
1129 913 1206 941 eos
1241 904 1445 942 mortuos
1480 901 1651 942 Frotho
1685 915 1776 942 non

130 972 343 1023 crederet,
375 971 565 1011 accessit
596 972 652 1011 ad
687 972 922 1025 quandam
956 983 1152 1024 magam,
1191 986 1279 1026 que
1319 977 1360 1013 et
1393 986 1469 1014 eos
1502 973 1633 1014 viuos
1666 974 1778 1014 dixit

130 1046 171 1084 et
191 1044 467 1096 Regnonem,
501 1043 578 1097 qui
603 1056 680 1084 eos
707 1043 940 1096 nutrierat,
974 1044 1207 1085 reuelauit.
1258 1046 1446 1098 Propter
1473 1046 1596 1099 quod
1623 1047 1776 1098 Regno

132 1127 236 1156 cum
272 1115 423 1168 pueris
455 1115 501 1156 in
536 1115 755 1157 Feoniam
789 1116 922 1169 fugit;
954 1117 1029 1157 vbi
1063 1130 1088 1157 a
1118 1118 1348 1158 Frothone
1381 1121 1541 1170 captus
1573 1118 1698 1170 dixit,
1731 1131 1777 1159 se

130 1201 296 1241 pueros
329 1188 597 1239 custodisse,
636 1188 903 1243 rogauitque
936 1190 1232 1242 Frothonem,
1275 1194 1333 1242 vt,
1366 1203 1482 1244 quos
1514 1190 1778 1243 priuauerat

130 1264 275 1314 patre,
322 1260 412 1301 vita
460 1274 552 1301 non
597 1261 833 1314 spoliaret,
880 1275 936 1302 ne
978 1262 1150 1315 duplici
1197 1262 1443 1315 parricidio
1490 1276 1594 1303 reus
1640 1267 1776 1313 esset;

129 1332 426 1387 promisitque
466 1346 513 1374 se
553 1333 864 1374 indicaturum
907 1334 1143 1386 Frothoni,
1190 1335 1227 1375 si
1273 1334 1360 1388 ipsi
1399 1335 1572 1388 aliquid
1618 1339 1774 1376 contra

128 1417 233 1445 eum
280 1405 571 1456 molirentur,
618 1405 787 1460 quibus
834 1406 984 1447 verbis
1023 1419 1068 1446 se
1108 1411 1149 1447 et
1194 1407 1296 1448 illos
1337 1407 1560 1449 liberauit.
1623 1408 1775 1448 Adulti

129 1476 233 1518 facti
266 1478 560 1531 Syalendiam
592 1478 892 1530 intrauerunt,
940 1478 1029 1527 vbi,
1074 1492 1179 1520 cum
1213 1479 1348 1520 amici
1381 1480 1684 1531 consulerent,
1733 1484 1776 1519 vt

128 1562 287 1591 necem
332 1550 473 1604 patris
519 1550 818 1601 vindicarent,
866 1556 1105 1603 vouerunt,
1153 1553 1223 1593 vel
1270 1565 1317 1593 se
1364 1552 1610 1593 morituros
1657 1552 1774 1592 infra

128 1635 303 1663 annum
332 1624 402 1664 vel
421 1623 716 1665 Frothonem.
759 1624 893 1674 Quod
919 1637 1025 1665 cum
1046 1626 1199 1677 Regno
1219 1625 1474 1666 secundum
1494 1625 1773 1678 promissum

129 1695 350 1736 Frothoni
396 1696 674 1748 nunciasset,
719 1696 794 1737 ille
840 1701 1019 1750 recepta
1067 1697 1279 1738 societate
1324 1697 1474 1738 subito
1522 1710 1659 1750 super
1697 1708 1808 1738 eos‘

123 1767 270 1818 ⁴trenit3
315 1768 407 1822 qui,
439 1768 644 1809 videntes
676 1782 723 1810 se
754 1769 1028 1823 interceptos
1061 1782 1144 1810 nec
1176 1769 1441 1823 possibilem
1475 1782 1571 1810 esse
1605 1770 1773 1822 fugam,

126 1841 294 1881 furiam
328 1841 619 1882 simulabant:
686 1841 870 1894 Frotho,
918 1843 1106 1882 credens
1145 1855 1221 1882 eos
1260 1843 1507 1892 dementes,
1554 1842 1775 1882 abstinuit

127 1913 185 1953 ab
213 1912 403 1962 intento,
435 1917 566 1966 turpe
591 1915 809 1955 estimans
836 1927 913 1955 eos
938 1914 1212 1966 interimere,
1245 1914 1323 1967 qui
1349 1927 1395 1954 se
1420 1914 1544 1966 ipsos
1568 1914 1773 1955 occidere

127 1984 419 2035 videbantur,
478 1987 556 2026 sed
603 1987 660 2026 ab
707 1986 771 2028 eis
817 1987 1024 2040 sequenti
1071 1991 1203 2027 nocte
1249 1986 1463 2027 incendio
1511 1990 1774 2040 peremptus

127 2056 288 2109 dignas
330 2058 559 2112 parricidij
604 2071 745 2112 penas
787 2059 967 2112 recepit.
1031 2059 1148 2099 Nam
1191 2059 1346 2099 aulam
1386 2058 1584 2110 aggressi
1625 2058 1772 2111 primo

128 2129 332 2182 reginam
364 2135 677 2171 occurrentem
712 2131 944 2185 lapidibus
975 2132 1248 2181 obruerunt,
1282 2131 1459 2182 deinde,
1492 2143 1597 2171 cum
1623 2131 1773 2171 incen-

219 2247 249 2282 1.
282 2247 364 2284 hoc
389 2248 432 2283 A.
495 2249 529 2284 2.
563 2259 585 2283 a
617 2258 694 2284 om.
713 2249 758 2284 V.
825 2251 1057 2294 querentur
1084 2248 1123 2284 S.
1194 2259 1265 2284 eos
1297 2248 1404 2283 subt.
1428 2247 1478 2292 A3
1509 2247 1616 2283 subt.
1643 2258 1713 2282 eos
1733 2247 1771 2283 S.

129 2303 163 2339 3.
196 2303 275 2339 sibi
308 2303 457 2341 addidi.
544 2306 579 2341 4.
611 2305 771 2341 crebris
802 2305 984 2352 vestigiis
1017 2305 1142 2350 codd..
1187 2305 1295 2351 quod
1325 2307 1426 2340 cerie
1456 2303 1671 2340 obscurum
1704 2306 1770 2349 est,

126 2359 216 2405 fort.
249 2360 369 2397 etiam
401 2364 663 2408 com-uptun1;
701 2362 906 2398 Saxonem
938 2364 1095 2398 seculus
1124 2362 1376 2408 scripserim:
1408 2361 1568 2397 crebris
1601 2361 1771 2406 vestigia

128 2417 387 2455 decursibus.
443 2419 506 2455 vel
524 2420 612 2455 luto
630 2420 776 2465 om.A;
803 2419 868 2455 uel
886 2419 936 2455 de
953 2419 1095 2463 loco(!)
1114 2419 1153 2458 S.
1204 2419 1425 2466 5.corpori
1442 2418 1484 2454 A.
1540 2418 1770 2453 frustratim

128 2474 460 2522 codd.praete1·n‚
478 2478 514 2512 et
528 2477 584 2512 sic
600 2477 747 2522 soepius
762 2475 960 2512 scribitur.
1007 2477 1324 2523 descerpserunt
1337 2477 1388 2518 V;
1407 2476 1708 2521 decerpserunt
1721 2475 1771 2514 A:

128 2533 428 2580 deserpserunt
446 2534 484 2570 S.
540 2535 574 2570 6.
594 2534 886 2581 disparserunt
903 2533 946 2569 A.
1003 2534 1037 2569 7.
1061 2533 1287 2569 deuoratos
1306 2533 1344 2569 S.
1402 2533 1510 2568 7—8.
1528 2533 1569 2568 in
1589 2533 1770 2579 quadam

128 2600 159 2626 e.
199 2590 285 2626 arb.
327 2602 349 2627 a
393 2594 499 2627 nutr.
533 2591 608 2634 AS,
654 2591 722 2627 sed
764 2591 946 2637 quadam
981 2601 1059 2626 om.
1094 2590 1132 2627 S.
1225 2591 1333 2626 8-9.
1366 2590 1437 2625 diu
1471 2600 1586 2625 more
1619 2601 1769 2625 canum

129 2650 236 2683 nutr.
268 2647 307 2683 S.
371 2649 432 2685 11.
466 2652 638 2695 propter
669 2658 797 2695 regno
831 2649 876 2693 D,
908 2658 987 2683 om.
1021 2647 1155 2693 quod;
1193 2658 1293 2683 corr.
1327 2658 1434 2682 man.
1469 2658 1540 2682 rec.
1574 2646 1614 2682 ιἰι
1647 2657 1770 2693 prop-

128 2719 240 2752 terea
282 2726 420 2763 regno.
514 2718 574 2753 12.
612 2728 708 2753 cum
749 2717 867 2763 prius
897 2709 962 2765 (ῥε)
992 2726 1069 2761 pro
1101 2712 1231 2762 pussis)
1262 2716 1306 2751 V.
1396 2719 1543 2761 captus
1585 2725 1662 2750 om.
1695 2715 1771 2750 AS.

128 2774 230 2810 dixit
260 2785 339 2810 om.
370 2776 414 2811 V.
494 2775 554 2811 14.
590 2775 714 2810 vitam
751 2775 790 2810 S.
866 2774 983 2821 dupli
1017 2773 1169 2820 picidio
1203 2773 1292 2814 DV;
1341 2772 1498 2818 duplici
1539 2772 1770 2808 fratricidio

129 2831 204 2868 AS.
270 2833 331 2868 15.
366 2832 675 2868 vindicaturum
701 2831 776 2868 AS.
843 2831 904 2868 16.
937 2834 976 2868 et
1007 2832 1122 2878 ipsos
1146 2830 1221 2866 AS.
1287 2831 1346 2865 17.
1379 2830 1420 2865 in
1453 2829 1700 2875 ryalendiam
1729 2830 1770 2865 A.

133 2889 194 2925 18.
228 2889 358 2935 patris
389 2900 466 2925 om.
501 2889 582 2925 DV.
659 2889 963 2934 mendicaret&
996 2889 1040 2924 D.
1108 2888 1271 2923 18—19.
1304 2889 1597 2932 veneruntque
1628 2897 1671 2922 se
1705 2886 1770 2922 uel

130 2946 193 2981 Fr.
231 2946 339 2982 infra
372 2957 405 2982 a.
445 2946 674 2982 morituros
706 2945 781 2981 AS.
876 2947 935 2981 19.
976 2946 1068 2989 Qui,
1107 2955 1208 2980 corr.
1242 2944 1282 2979 in
1315 2946 1402 2988 Que
1436 2944 1480 2979 D.
1572 2953 1770 2990 regnerus

129 3004 224 3048 (pro
249 3003 404 3049 Regno)
437 3003 478 3039 in
505 3003 690 3049 mal-gline
714 3001 777 3038 D2.
842 3003 1008 3038 21—22.
1041 3001 1241 3049 possibile
1260 3002 1311 3045 D,
1349 3011 1424 3036 nec
1456 3000 1655 3046 possibile
1680 3011 1769 3036 esse

129 3070 172 3095 se
204 3060 380 3105 saluare,
412 3059 550 3106 fugam
585 3061 747 3096 firmam
781 3060 870 3095 sim.
903 3061 945 3096 A.
1008 3059 1071 3095 23.
1104 3069 1175 3094 eos
1207 3058 1406 3094 estimans
1439 3058 1482 3094 A.

1806 980 1846 1011 10

1806 1344 1843 1374 15

1799 2069 1840 2098 25
