2150 3584
538 206 830 237 οοΜΡΕΝοινΜ
865 206 1063 236 SAxoNJs.
1114 206 1195 236 mn.
1231 206 1305 235 xm
1663 195 1744 234 403

96 323 296 374 obsedit;
343 325 583 375 castroque
630 334 709 375 per
750 320 989 362 machinas
1035 321 1288 374 interrupto
1337 321 1564 361 Haraldus
1613 324 1743 360 nocte

96 397 291 438 obseura
339 408 418 448 per
457 393 661 434 medium
706 393 907 434 hostium
950 393 1124 446 aufugit
1168 397 1432 446 repertoque
1473 393 1656 444 nauigio
1699 393 1740 432 in

95 468 278 510 Juciam
303 467 535 516 transiuit;
567 479 704 521 quem
725 466 991 517 Nicholaus,
1022 466 1152 519 quasi
1180 466 1264 505 sibi
1293 466 1486 516 tideleni,
1518 469 1745 516 gratanter

97 540 277 594 recepit.

183 614 234 654 X.
299 613 364 653 Eo
396 616 600 665 tempore
634 610 791 662 Sweci,
838 610 1075 651 audientes
1109 611 1326 662 Magnum
1362 610 1406 650 in
1442 610 1578 650 Dacia
1614 610 1744 650 bellis
1771 615 1789 644 5

98 685 333 739 occupari,
388 684 619 739 quendam
668 683 985 734 Swerkonem,
1044 683 1332 723 mediocriter
1380 682 1604 733 nobilem,
1660 682 1743 722 sibi

97 769 248 811 regem
281 757 496 798 fecerunt.
562 755 647 796 Hic
673 755 858 796 Swerko
876 755 1108 796 Vluildam
1143 755 1373 805 Noricam,
1407 768 1545 808 quam
1582 754 1745 794 Niclio-

98 831 199 872 laus
238 833 342 884 post
373 832 566 870 mortem
602 828 851 880 Margarete
882 840 1070 868 vxorem
1104 829 1308 878 duxerat,
1355 827 1591 867 amatoriis
1635 827 1748 878 lega-

99 903 311 945 cionibus
358 902 592 942 seductam
639 912 693 940 ac
733 899 890 940 furtim
931 900 1131 940 ablatam
1173 900 1228 940 ad
1272 913 1408 939 suum
1449 899 1745 939 concubitum

100 975 331 1030 perduxit3
377 975 432 1014 de
465 986 553 1028 qua
588 976 629 1013 et
661 972 816 1024 genuit
848 972 995 1013 filium
1030 973 1266 1025 Karolum,
1310 972 1389 1025 qui
1431 975 1532 1024 post
1564 985 1666 1012 eum
1703 971 1746 1010 in
1776 976 1816 1006 10

101 1048 272 1091 Swecia
319 1046 538 1099 regnauit.
630 1045 882 1086 Nicholaus
928 1049 1103 1097 autem,
1158 1056 1346 1097 regnum
1397 1057 1531 1084 suum
1581 1044 1748 1095 integre

101 1133 368 1175 recuperare
415 1120 596 1171 volens,
654 1129 760 1158 cum
813 1117 957 1158 classe
1008 1118 1156 1158 tocius
1201 1117 1332 1158 Jucie
1378 1116 1424 1156 in
1472 1116 1748 1156 Sialendiam

101 1192 373 1247 applicauit3
429 1205 454 1232 a
511 1204 603 1246 quo
651 1189 813 1230 Erieus
859 1191 982 1242 apud
1030 1194 1217 1244 pontem
1264 1190 1429 1230 Veram
1476 1188 1750 1240 grauissimo

102 1265 245 1320 prelio
287 1268 528 1318 superatus
570 1276 676 1304 cum
724 1275 876 1311 vxore,
923 1264 1158 1316 quondam
1206 1262 1361 1314 regina
1402 1261 1651 1313 Norwegie,
1699 1273 1752 1300 ac

102 1338 197 1379 filio
236 1338 432 1392 paruulo
473 1337 709 1389 Swenone,
756 1350 894 1392 quem
937 1337 992 1376 de
1033 1335 1292 1376 concubina
1337 1334 1594 1385 sustulerat,
1643 1333 1753 1386 sugit
1780 1339 1820 1369 15

103 1412 159 1452 ad
204 1401 440 1463 Magnum,
486 1421 636 1462 regem
670 1409 957 1450 Noricorum.
1019 1409 1056 1449 A
1095 1421 1186 1462 quo
1229 1407 1378 1461 primo
1418 1406 1752 1447 humanissime

103 1487 326 1537 receptus,
373 1486 530 1536 postea
571 1481 668 1522 eius
702 1481 933 1522 maliciam
967 1485 1032 1521 est
1063 1484 1287 1534 expertus.
1351 1479 1568 1532 Fugiente
1600 1482 1752 1519 autem

110 1556 244 1597 Erico
292 1555 522 1596 Haraldus
567 1554 726 1608 petiuit
772 1567 797 1595 a
846 1554 1089 1606 Nicholao,
1144 1557 1189 1594 vt
1235 1551 1474 1593 Teutonici
1522 1551 1753 1592 Roskildie

110 1632 361 1681 manentes,
407 1627 485 1682 qui
527 1630 684 1668 contra
725 1626 878 1681 ipsum
921 1639 1026 1667 cum
1060 1625 1194 1666 Erico
1234 1625 1426 1676 fuerant,
1468 1624 1752 1677 punirentur.

110 1702 239 1753 Quos
271 1701 522 1742 Nicholaus
562 1700 662 1753 capi
701 1712 755 1740 ac
792 1700 943 1754 puniri
983 1699 1239 1740 secundum
1282 1696 1470 1738 Haraldi
1510 1696 1750 1737 arbitrium
1777 1702 1819 1733 20

110 1774 331 1828 precepit3
393 1773 622 1814 Haraldus
675 1772 778 1813 fecit
830 1786 907 1814 eos
960 1771 1150 1812 naribus
1196 1769 1410 1810 mutilari.
1502 1769 1750 1809 Nicholaus

110 1833 315 1902 <autem>‚
352 1846 545 1887 audiens
578 1845 765 1886 Ericum
797 1845 843 1886 in
878 1844 1166 1897 Norwegiam
1199 1843 1443 1894 saluatum,
1485 1842 1609 1882 misit
1639 1855 1752 1881 nun-

110 1920 205 1961 cios
236 1920 293 1960 ad
327 1920 560 1971 Magnum,
606 1929 756 1970 regem
790 1917 1040 1970 Norwegie,
1084 1916 1304 1970 pollicens
1337 1914 1587 1955 maximam
1621 1926 1752 1966 pecu-

110 1993 250 2045 niam,
297 1992 335 2033 si
376 1991 561 2032 Ericum
611 1991 701 2033 vita
749 1990 987 2044 spoliaret,
1035 1989 1108 2030 cui
1154 1989 1228 2029 ille
1274 1987 1481 2042 nequiter
1526 1985 1753 2027 consensit

111 2069 295 2119 propter
347 2064 614 2118 pecuniam,
674 2076 728 2104 ac
781 2063 866 2104 sub
921 2062 1071 2116 specie
1124 2060 1330 2115 obsequij
1385 2058 1587 2111 diligenti
1647 2071 1751 2098 eum
1778 2066 1820 2096 25

111 2137 319 2179 custodia
364 2136 565 2179 vallauit.
639 2136 801 2176 Ericus
847 2135 995 2187 igitur,
1043 2135 1230 2175 edoctus
1278 2146 1356 2187 per
1402 2131 1620 2184 reginam,
1666 2143 1753 2183 que

110 2210 205 2251 filia
237 2210 387 2251 fratris
418 2209 514 2251 eius
547 2213 654 2260 erat,
687 2209 811 2262 quod
843 2220 968 2248 mors
1001 2206 1086 2247 sibi
1118 2205 1391 2257 immineret,
1423 2203 1597 2254 amicis,
1638 2215 1753 2256 quos

111 2283 158 2323 in
190 2282 412 2324 Lalandia
444 2281 619 2334 habuit,
665 2294 802 2322 suum
844 2280 1099 2334 periculum
1145 2277 1376 2319 intimauit
1406 2275 1754 2328 remediumque

111 2355 339 2409 poposcit;
393 2355 472 2408 qui
527 2354 679 2395 statim
729 2366 817 2395 vno
863 2352 1048 2404 nauigio
1095 2351 1141 2391 in
1189 2349 1475 2401 Norwegiam
1523 2348 1754 2389 venientes

109 2428 300 2469 latenter
346 2427 480 2468 Erico
527 2440 665 2467 suum
711 2427 964 2466 aduentum
1013 2422 1307 2464 nunciabant.
1400 2421 1560 2461 Ericus
1607 2419 1753 2472 igitur,
1780 2429 1823 2460 30

111 2500 258 2541 sciens
291 2500 482 2542 Noricos
514 2503 675 2553 potum
707 2497 904 2549 diligere,
948 2498 1006 2537 ad
1044 2492 1368 2536 inebriandum
1401 2494 1613 2534 custodes
1648 2504 1754 2532 suos

110 2572 402 2625 diligenciam
433 2571 658 2624 adhibuit,
691 2583 757 2622 ac,
789 2573 835 2611 vt
866 2569 1012 2621 magis
1044 2567 1172 2622 potui
1199 2566 1471 2617 insisterent,
1504 2564 1621 2618 cepit
1648 2576 1753 2604 cum

199 2672 232 2708 1.
278 2673 550 2717 castrumque
596 2669 635 2706 S.
725 2669 760 2705 6.
808 2667 978 2704 Swerko
1028 2665 1086 2702 vel
1133 2666 1299 2701 Swerco
1345 2664 1405 2699 vel
1443 2664 1598 2699 Suerco
1644 2661 1755 2697 codd.

112 2730 147 2765 9.
188 2727 343 2764 furtiue
375 2728 416 2765 S.
509 2728 571 2763 10.
611 2725 806 2762 korolum
838 2725 885 2760 V.
973 2724 1045 2769 qui
1087 2733 1166 2758 om.
1199 2722 1244 2758 V.
1340 2722 1400 2756 11.
1443 2731 1566 2756 suum
1599 2729 1676 2754 om.
1709 2719 1754 2753 Α.

114 2786 175 2822 13.
215 2786 327 2832 apud
367 2787 536 2832 portum
574 2784 675 2819 Vam
708 2782 784 2819 AS.
878 2782 939 2817 14.
980 2782 1203 2827 superatus
1236 2788 1331 2814 cum
1364 2778 1487 2818 Saxo;
1533 2778 1755 2822 superatus

111 2847 172 2879 est
203 2853 299 2879 curn
330 2841 454 2887 codd„
501 2838 573 2878 sed
603 2843 663 2876 est
695 2839 737 2875 in
770 2838 798 2874 S
827 2839 965 2884 postea
997 2837 1180 2873 deletum.
1269 2835 1447 2871 condam
1481 2833 1556 2869 As.
1646 2832 1758 2878 regia

112 2900 367 2946 norwegis<!)
391 2899 430 2935 S.
495 2899 558 2934 17.
591 2900 654 2934 est
685 2898 878 2943 receptus
903 2895 947 2930 Α.
1010 2895 1071 2931 19.
1105 2893 1270 2929 fuerant
1301 2902 1401 2927 corr.
1431 2901 1480 2926 ea:
1511 2890 1694 2926 fecerant
1712 2889 1757 2924 Α.

112 2958 176 2994 21.
208 2967 280 2993 eos
312 2957 365 3001 V;
411 2965 488 2999 emt
513 2955 590 2991 As.
670 2954 735 2989 22.
767 2955 905 2988 autem
938 2951 1089 2987 addidi.
1167 2951 1231 2986 24.
1265 2950 1299 2985 si
1332 2948 1417 2992 VS;
1464 2950 1505 2983 vt
1536 2948 1580 2982 Α.
1662 2957 1758 2981 con-

111 3014 236 3050 sentit
265 3013 393 3058 codd„
426 3012 594 3049 correxi.
657 3011 720 3046 26.
753 3020 834 3056 que
853 3009 942 3053 vA;
973 3009 1072 3055 quia
1100 3008 1139 3044 S.
1204 3007 1266 3042 30.
1300 3006 1527 3041 aduentum
1560 3015 1683 3040 suum
1714 3004 1756 3037 Α.

113 3072 176 3108 32.
208 3072 458 3107 insesterent
488 3070 534 3106 V.
