2150 3584
535 230 829 258 COMPENDIVM
864 229 1062 259 SAonls.
1118 233 1199 259 ΜΒ.
1235 233 1244 259 1
1636 222 1718 260 223

67 359 312 399 corporum
356 344 608 396 granditate
652 344 782 394 longe
822 344 936 383 alios
978 345 1291 396 precellebaul.
1358 346 1551 385 Secundi
1593 350 1715 384 crunt

68 419 279 460 homines
312 416 572 458 communis
605 420 788 467 stature,
822 416 896 469 qui
934 417 1138 456 sollercia
1174 422 1389 469 gygantes
1420 417 1717 469 superabant:

69 491 202 544 igitur
236 490 352 530 inter
385 490 468 529 lios
502 493 541 528 et
571 491 788 541 gygantes
813 488 1029 527 continua
1060 493 1151 528 erat
1178 490 1462 529 concertacio
1487 491 1540 528 (lv
1568 502 1716 528 rerum

68 575 262 613 summa,
307 563 455 602 donec
493 564 766 614 gyganteum
803 573 944 611 genus
977 561 1117 600 armis
1151 561 1233 600 sibi
1270 562 1526 602 subicerent
1561 566 1599 600 vt
1634 562 1716 599 sibi

69 648 159 675 non
196 635 344 675 solum
380 634 450 673 ius
482 632 703 685 regnandi
738 633 814 672 sed
849 633 993 672 eciam
1022 646 1188 673 nomen
1218 633 1396 673 (lc-italis
1422 634 1718 686 acquirerent.
1749 643 1766 669 5

70 708 246 748 Horum
289 706 464 759 vtrique
508 719 585 757 per
625 718 855 744 summam
903 705 1289 745 ludilicandorum
1335 707 1572 746 oculorum
1612 705 1720 757 1)(ϊί-

67 779 184 820 ciam
245 778 454 832 proprios
508 777 774 830 alienosque
830 777 981 817 vultus
1037 778 1173 817 variis
1229 791 1378 817 rerum
1429 778 1719 829 ymaginibus

69 852 311 892 immutare.
344 850 558 890 sciebant.
610 849 770 901 Tercij‚
805 862 856 889 ex
883 849 971 889 hiis
998 850 1181 890 duobus
1209 850 1451 901 geum-iim
1479 850 1716 888 hominum

69 924 360 977 pullulantes,
408 934 491 962 nec
532 934 777 974 corporum
819 922 1133 973 magnitudine
1178 936 1259 962 nec
1292 923 1464 962 arcium
1501 921 1720 961 exercicio

69 995 162 1036 suis
197 995 427 1048 prioribus
461 994 646 1047 equales
679 998 826 1037 erant;
868 994 956 1034 hiis
990 999 1141 1034 tamen
1176 995 1296 1046 apud
1333 995 1515 1033 ‹ivlusas
1551 997 1722 1032 mentes
1753 1001 1790 1029 1⁴)

68 1067 321 1108 diuinitatis
355 1067 511 1120 opinio
544 1066 842 1106 tribuebatur.

153 1141 202 1180 V.
268 1139 464 1192 Reliquit
505 1143 656 1178 autem
694 1139 829 1179 Grani
874 1139 992 1179 filios
1025 1139 1331 1180 Guthormum
1369 1143 1407 1178 et
1446 1138 1721 1189 Hadiugum.

67 1212 145 1267 qui
193 1212 485 1265 transportati
536 1212 581 1251 in
627 1211 848 1251 Sweciam
897 1225 976 1264 per
1017 1213 1307 1251 educatorem
1357 1225 1489 1250 suum
1540 1211 1722 1249 (luobus

69 1285 340 1339 gygantibus
375 1297 465 1325 non
501 1284 651 1324 solum
685 1284 836 1324 alendi
870 1284 946 1324 sed
982 1283 1125 1323 eciam
1165 1284 1431 1323 defensandi
1466 1284 1720 1322 traduntur.

69 1357 275 1409 Tandem
296 1356 620 1408 Suibdagerus‚
652 1356 794 1396 filiam
816 1356 953 1397 Grani
981 1356 1157 1396 habens
1181 1369 1382 1401 vxorem,
1415 1357 1470 1395 ad
1506 1367 1719 1406 magnam
1750 1365 1789 1394 15

68 1429 277 1482 coniugis
324 1428 599 1469 instanciam
649 1428 866 1469 Guthor
881 1442 922 1468 m
938 1443 963 1467 u
981 1442 1022 1467 ni
1083 1428 1168 1467 sub
1223 1428 1508 1479 obligacionc
1566 1427 1720 1466 tributi

69 1501 213 1543 Danie
267 1501 472 1554 prefeci13
537 1501 830 1552 Hadingus
888 1514 1014 1547 vero,
1078 1501 1303 1540 vlcionem
1359 1501 1482 1540 necis
1538 1504 1721 1552 paterne

68 1574 291 1626 cogitans,
353 1570 526 1613 omisso
588 1573 870 1625 voluptatum
936 1573 1086 1613 studio
1149 1573 1419 1613 exercicium
1484 1584 1719 1612 armorum

68 1647 266 1687 amabat.
330 1646 471 1687 Cuius
502 1646 666 1686 sortem
700 1645 907 1685 animum
944 1646 1191 1698 Hargrepa,
1239 1646 1446 1697 gygantis
1479 1644 1586 1691 filia,
1634 1657 1721 1696 que

70 1719 223 1759 nutrix
262 1719 359 1760 eius
401 1718 561 1770 fuerat,
607 1718 653 1757 in
694 1731 899 1758 amorem
943 1717 1040 1759 eius
1079 1717 1249 1758 illicere
1289 1717 1419 1771 cepit.
1483 1717 1574 1768 Qui
1615 1729 1719 1757 cum
1748 1727 1790 1758 20

70 1791 238 1832 diceret
270 1805 315 1832 se
346 1791 424 1831 tali
453 1790 714 1843 complexui
741 1803 834 1831 non
861 1790 1122 1842 conuenire,
1155 1803 1207 1831 eo
1231 1791 1356 1844 quod
1380 1790 1480 1843 ipsa
1503 1794 1722 1843 gygantee

71 1863 401 1916 magnitudinis
447 1867 555 1913 erat,
602 1863 852 1916 respondit,
900 1864 1022 1916 quod
1071 1876 1118 1903 se
1163 1875 1355 1916 paruam
1396 1863 1467 1903 vel
1505 1873 1721 1914 magnam

71 1936 217 1977 facere
265 1939 417 1989 posset
461 1948 544 1988 pro
592 1948 671 1976 sue
717 1935 905 1976 arbitrio
952 1935 1214 1976 voluntatis.
1285 1936 1492 1976 Tandem
1539 1934 1721 1975 iuuenis

72 2008 320 2049 concubitu
354 2008 496 2061 potita
528 2012 654 2048 tanto
688 2007 727 2048 ei
759 2021 916 2049 amore
948 2005 1136 2059 cohesit,
1182 2011 1228 2048 vt
1259 2008 1412 2062 ipsum
1444 2008 1491 2047 in
1525 2007 1718 2060 patriam

70 2081 336 2121 redeuntem
370 2080 488 2123 virili
520 2081 676 2121 animo
710 2084 987 2135 sequeretur.
1037 2081 1157 2121 Dum
1192 2084 1345 2121 autem
1378 2084 1528 2121 essent
1559 2080 1606 2120 in
1633 2079 1720 2132 via,
1747 2090 1789 2120 25

71 2153 248 2205 accidit,
297 2157 341 2194 vt
372 2154 564 2194 domum
597 2153 833 2205 intrarent,
879 2153 956 2194 vbi
988 2153 1268 2193 domesticus
1301 2153 1480 2193 nouiter
1512 2156 1721 2193 mortuus

73 2238 209 2279 super
239 2229 407 2266 terram
439 2225 627 2266 iacebat.
675 2226 844 2267 Volens
876 2226 1012 2278 igitur
1043 2225 1277 2278 Hargrepa
1310 2225 1423 2266 scire
1457 2237 1720 2266 successum

158 2343 194 2380 2.
222 2343 296 2390 qui
322 2354 398 2379 om.
418 2343 493 2380 AS.
570 2344 748 2380 solercia
765 2344 843 2380 VS.
913 2347 1161 2391 superantes
1178 2344 1255 2379 AS.
1318 2343 1352 2379 3.
1377 2344 1418 2379 in
1444 2344 1522 2379 hos
1539 2343 1624 2386 VD,
1654 2342 1722 2377 sed

71 2399 180 2436 inter
203 2411 304 2437 corr.
325 2400 390 2437 Dl.
453 2401 487 2437 4.
512 2401 834 2447 subigere(n)tur
851 2402 969 2446 S(A);
1001 2401 1243 2447 subigerent
1267 2401 1350 2446 (sed
1374 2411 1456 2436 non
1483 2400 1577 2435 sibiN
1604 2398 1723 2434 habel

71 2456 188 2494 Saxo.
259 2458 294 2494 5.
326 2458 388 2494 vis
421 2467 531 2505 regn.
564 2459 608 2495 V.
675 2459 709 2494 6.
742 2459 908 2505 Vtrique
940 2457 1048 2494 Saxo
1079 2461 1116 2494 et
1145 2469 1245 2494 corr.
1279 2457 1349 2495 nl:
1382 2458 1568 2503 Vtrisque
1600 2457 1720 2493 ASD:

73 2514 290 2561 vtriusque
307 2516 352 2552 V.
416 2517 450 2552 7.
482 2515 605 2552 wltus
632 2515 744 2550 codd.
775 2514 883 2563 (item
909 2527 1014 2562 saepe
1044 2515 1181 2551 wlnus
1214 2517 1248 2550 el
1272 2513 1447 2561 similia).
1510 2514 1720 2559 variisque

73 2581 204 2618 ymag.
237 2573 328 2616 (om.
363 2574 521 2612 rerum}
556 2574 593 2608 S.
655 2574 691 2608 9.
725 2574 914 2609 excercio
941 2573 985 2608 Α.
1053 2574 1113 2609 10.
1146 2576 1283 2608 tamen
1317 2573 1390 2616 (tsi)
1414 2572 1490 2609 AS.
1524 2574 1565 2606 ut
1595 2571 1720 2607 Saxo:

74 2632 129 2664 tffi
151 2630 342 2674 (tantum)
373 2630 455 2666 DV.
523 2631 582 2665 12.
616 2630 661 2665 In
696 2640 824 2675 mary.
857 2630 907 2665 A:
941 2631 1002 2665 VI.
1035 2630 1223 2665 Gottorm
1253 2630 1400 2665 Granis
1436 2630 1513 2664 son.
1575 2628 1721 2663 Gutor-

74 2696 186 2721 mum
215 2686 248 2721 Α
280 2689 317 2722 et
346 2686 384 2722 h.
411 2687 430 2722 I.
459 2687 546 2731 DV,
579 2690 835 2732 guttormum
863 2687 902 2729 S,
934 2687 1002 2722 sed
1030 2687 1156 2732 paulo
1186 2689 1278 2731 post
1301 2686 1421 2722 Guth.
1488 2686 1550 2722 14.
1584 2684 1721 2720 defen-

74 2742 198 2778 dendi
230 2754 331 2779 corr.
363 2754 413 2779 ex
443 2744 696 2779 defendandi
724 2742 788 2779 D2.
855 2745 915 2779 15.
952 2744 994 2779 111
1020 2745 1217 2789 niur9.A:
1251 2743 1339 2778 VII:
1373 2742 1604 2788 Suibdager
1629 2742 1720 2777 Got-

74 2801 205 2836 torms
245 2800 465 2844 broder(!);
512 2803 547 2836 el
584 2802 638 2836 ad
683 2802 750 2838 17:
799 2801 906 2837 VIII.
948 2801 1120 2846 Hading.
1216 2801 1278 2837 17.
1320 2799 1525 2835 vlcionem
1568 2810 1644 2834 om.
1679 2799 1718 2836 S.

29 2868 35 2873 ·
77 2856 139 2892 18.
163 2857 390 2903 voluptatis
409 2856 639 2905 AS(S‹1.2·0).
706 2859 765 2893 19.
792 2859 948 2893 amauit
966 2858 1019 2897 V:
1051 2868 1129 2893 om.
1150 2858 1199 2895 A:
1232 2856 1427 2902 diligebat
1446 2856 1485 2891 S.
1546 2865 1718 2902 argrepa

75 2912 113 2948 11.
146 2914 169 2949 I.
211 2915 280 2950 DV
320 2914 365 2963 (S
398 2916 517 2950 etiam
551 2915 615 2951 27.
649 2914 818 2959 224,7);
862 2917 1000 2961 postea
1044 2915 1278 2960 Hargrepa;
1328 2923 1532 2959 argreppa
1574 2912 1638 2948 hic
1678 2914 1720 2950 Α,

71 2972 208 3014 postea
243 2971 497 3018 Hargreppa.
570 2973 633 3008 20.
666 2972 778 3007 illius
812 2973 857 3007 D.
925 2972 1076 3007 alicere
1110 2972 1180 3006 DV
1212 2971 1382 3013 (amoris
1414 2970 1477 3005 sui
1512 2970 1720 3005 illecebris

74 3026 203 3071 Saxo).
294 3029 358 3064 21.
405 3029 616 3075 amplexui
657 3027 721 3065 D2.
812 3032 1012 3076 gygantea
1056 3029 1099 3064 Α,
1191 3029 1255 3065 22.
1297 3027 1513 3073 respondit
1560 3037 1637 3062 om.
1678 3027 1717 3062 S.

77 3083 139 3119 23.
170 3095 248 3120 suo
280 3085 356 3122 As.
419 3086 482 3122 26.
515 3089 708 3122 mortuus
742 3087 908 3122 nouiter
940 3086 978 3122 S.
