2150 3584
351 649 370 679 ΕΠ

328 1372 368 1402 15

324 1733 368 1765 20

397 227 479 268 274
737 236 1012 265 SCRIPTORES
1045 236 1271 265 HisromAE
1304 237 1481 265 DANicAE
1512 237 1711 267 MiNoREs

482 353 534 392 X.
598 352 705 391 Post
743 350 834 390 hoc
873 350 1045 390 Frotho
1085 350 1264 403 aliquas
1311 351 1429 402 leges
1476 363 1558 404 pro
1599 353 1826 392 seruanda
1865 351 2046 392 iusticia

397 422 729 477 promulgauit3
791 435 878 476 que
936 426 1041 462 sunt
1096 423 1200 463 hec:
1268 422 1491 472 »Quando
1538 423 1677 476 preda
1726 427 1828 476 post
1872 423 2044 464 bellum

398 496 631 556 diuiditur,
678 495 900 535 maiorem
934 494 1201 547 porcionem
1234 495 1535 547 marskalcus,
1583 496 1661 548 qui
1694 495 1871 548 primus
1904 499 1969 536 est
1999 495 2046 535 in

396 569 506 620 acie,
552 567 740 620 recipiat
772 566 912 620 quam
944 566 1062 606 alius
1095 567 1237 607 miles.
1302 567 1465 619 Duces,
1513 567 1682 621 quibus
1722 568 1887 608 vexilla
1927 571 2047 608 ante-

396 641 616 692 feruntur,
647 639 870 693 recipiant
901 651 1081 688 aurum,
1115 639 1346 692 simplices
1375 639 1540 680 milites
1566 644 1827 691 argentum„
1867 639 2048 692 Pugiles

396 726 538 765 arma,
571 712 816 766 populares
848 711 1049 752 habeant
1079 715 1235 764 captas
1267 724 1449 751 naues«
1481 735 1536 739 ——
1563 712 1697 754 Item:
1735 712 1926 752 »Nullus
1949 724 2046 752 rem

396 798 527 825 suam
554 788 695 838 ponat
720 784 945 836 subsera,
977 784 1172 837 duplum
1206 784 1261 824 de
1292 783 1405 824 fisco
1430 784 1560 836 regis,
1594 784 1631 824 si
1656 784 1829 837 aliquid
1856 783 2047 836 amittat,

395 861 673 911 recepturus.
736 856 826 907 Qui
858 859 1012 896 autem
1046 856 1131 896 sub
1165 868 1263 896 sera
1296 856 1512 909 posuerit,
1561 857 1711 896 soluat
1749 856 1841 908 regi
1881 856 2046 896 libram

396 930 534 970 auri«
571 953 624 957 ——
658 929 790 970 Item:
843 928 1144 982 »Quicunque
1190 928 1416 980 ignouerit
1462 928 1565 980 suri,
1613 928 1834 969 sustineat
1880 940 2045 982 penam

396 1002 546 1061 furis..
585 1002 640 1042 Et
679 1001 757 1055 qui
795 1001 943 1041 furem
982 1013 1089 1041 cum
1128 1000 1249 1041 furto
1293 1001 1340 1040 in
1379 1001 1519 1040 domo
1562 1013 1645 1041 sua
1683 1000 1866 1053 colligit,
1913 1000 2047 1041 bonis

396 1074 615 1115 omnibus
647 1074 853 1127 priuetur
885 1085 939 1113 ac
970 1086 1125 1113 coram
1161 1073 1452 1113 multitudine
1485 1072 1785 1113 verberetur«
1820 1096 1879 1101 —-
1913 1073 2047 1113 Item:

400 1147 516 1198 »Qui
549 1147 604 1187 de
637 1146 733 1187 acie
765 1146 943 1199 primus
976 1145 1151 1197 fugerit,
1182 1158 1207 1185 a
1240 1145 1478 1185 communi
1510 1145 1607 1185 iure
1640 1145 1817 1185 alienus
1846 1144 2044 1185 existat«

395 1243 449 1247 ——
469 1220 603 1260 Item:
642 1218 831 1259 »Mulier
855 1218 1008 1270 libere,
1041 1218 1115 1258 cui
1140 1218 1250 1270 vult,
1282 1217 1438 1268 nubat,
1471 1217 1730 1271 habeatque
1756 1230 1876 1270 eum,
1909 1229 2046 1271 quem

395 1292 626 1345 receperit,
673 1291 818 1331 eciam
859 1294 985 1344 patre
1023 1290 1325 1331 inconsulto«
1363 1313 1416 1317 -—
1449 1290 1579 1330 Item:
1633 1291 1807 1330 »Mares
1847 1289 2048 1329 habeant

397 1378 472 1405 eas
511 1377 690 1416 vxores,
737 1376 852 1416 quas
893 1362 1106 1416 primitus
1147 1366 1469 1414 cognoscunt«
1514 1386 1568 1390 ——
1609 1362 1741 1403 Item:
1793 1361 1864 1402 »Si
1905 1361 2048 1401 libera

395 1436 622 1477 consentit
653 1436 699 1476 in
734 1448 937 1486 seruum,
980 1447 1112 1474 serua
1145 1447 1250 1475 cum
1285 1447 1337 1474 eo
1369 1434 1486 1475 fiat«
1532 1458 1585 1462 —
1633 1435 1766 1475 Item:
1819 1433 2047 1473 »Adulteri

395 1522 474 1562 per
520 1521 648 1549 veros
695 1508 884 1548 maritos
931 1510 1222 1547 castrentur.«
1273 1531 1327 1534 —
1375 1507 1507 1547 Item:
1561 1506 1630 1548 »Si
1677 1507 1837 1547 Danus
1883 1505 2048 1559 spoliat

396 1582 597 1633 Danum,
630 1581 825 1634 duplum
858 1581 1078 1632 rependat
1110 1591 1163 1619 ac
1195 1579 1361 1619 violate
1393 1579 1519 1633 pacis
1547 1579 1739 1619 crimine
1766 1582 2042 1619 censeatur.«

394 1677 448 1682 —
496 1654 630 1694 Item:
686 1652 988 1706 »Quicunque
1034 1651 1169 1692 fuerit
1214 1651 1359 1691 hostis
1406 1652 1550 1705 patrie
1598 1664 1677 1692 sue
1723 1655 1801 1691 aut
1846 1650 2046 1690 inimicis

395 1726 537 1778 patrie
577 1738 706 1765 arma
746 1724 959 1777 attulerit,
1007 1724 1144 1764 rebus
1184 1728 1226 1764 et
1256 1724 1347 1766 vita
1382 1724 1638 1777 spolietur.«
1695 1747 1738 1751 —
1791 1723 1924 1763 Item:
1975 1722 2046 1763 »Si

394 1798 497 1852 quis
552 1799 611 1838 ob
664 1797 1005 1838 contumaciam
1061 1796 1308 1850 imperium
1363 1796 1480 1848 regis
1535 1810 1626 1837 non
1679 1795 1937 1849 perfecerit,
1998 1794 2045 1834 in

394 1869 581 1910 exilium
614 1870 872 1921 relegetur«
924 1868 1122 1921 (Solebat
1152 1872 1304 1909 autem
1340 1868 1501 1920 sagitta
1527 1868 1689 1921 lignea,
1722 1868 1863 1909 ferree
1890 1867 2046 1907 simili-

393 1942 602 1982 tudinem
649 1943 844 1993 habens,
892 1955 972 1995 per
1017 1954 1179 1982 omnes
1226 1941 1363 1993 mitti,
1413 1942 1599 1994 quando
1646 1940 1753 1981 belli
1799 1939 2045 1981 necessitas

395 2014 546 2054 subito
579 2013 844 2068 accidisset).
880 2038 933 2042 —-
967 2014 1100 2054 Item:
1153 2013 1454 2066 »Quicunque
1493 2026 1546 2053 ex
1585 2012 1888 2066 popularibus
1928 2024 2045 2052 mar-

394 2087 602 2127 skalcum
644 2087 690 2127 in
730 2087 826 2127 acie
865 2087 1070 2138 anteiret,
1117 2099 1170 2126 ex
1212 2098 1346 2126 seruo
1388 2085 1515 2138 liber,
1563 2098 1616 2125 ex
1648 2084 1811 2138 agresti
1843 2083 2044 2135 illustris,

394 2172 446 2199 ex
478 2159 677 2210 ingenuo
711 2163 891 2212 satrapa
925 2162 1190 2199 crearetur«
1242 2182 1295 2185 —
1344 2158 1476 2198 ltem:
1531 2157 1691 2197 »Nulla
1732 2156 1786 2197 lis
1819 2169 1898 2210 per
1928 2156 2045 2197 iura-

395 2235 600 2271 mentum
649 2237 725 2272 aut
772 2244 850 2285 per
891 2231 1090 2284 pigneris
1129 2230 1413 2283 posicionem
1455 2230 1772 2279 cont1·ahatur;
1820 2229 1899 2283 qui
1938 2241 2045 2270 vero

393 2303 451 2343 ab
491 2303 580 2343 alio
619 2289 825 2357 <pi911118>
872 2302 1095 2356 petiuerit,
1142 2302 1292 2342 soluat
1338 2302 1377 2341 ei
1424 2300 1666 2341 dimidiam
1712 2301 1877 2341 libram
1925 2300 2045 2350 auri;

481 2451 514 2487 3.
549 2451 805 2487 marscalcus
837 2452 869 2486 A
900 2449 1158 2499 (primipilus
1189 2448 1323 2498 Saxo).
1401 2450 1435 2485 4.
1468 2449 1642 2495 recipiet
1674 2449 1714 2486 S.
1795 2447 2046 2484 auferuntur

392 2506 488 2555 (pro
520 2506 615 2556 anf.)
647 2509 688 2544 A.
765 2509 800 2543 5.
833 2508 1043 2554 recipiunt
1074 2509 1117 2543 A.
1195 2507 1313 2542 miles
1346 2507 1388 2542 A.
1476 2506 1676 2552 argellum
1711 2507 1757 2543 D.
1837 2506 1872 2542 7.
1906 2515 2043 2541 seram

394 2564 431 2600 h.
465 2566 486 2601 Ι.
519 2566 561 2601 A.
653 2565 822 2611 aliquod
858 2566 937 2601 VA.
1028 2565 1179 2600 amittit
1212 2565 1255 2600 V.
1344 2565 1378 2599 9.
1413 2563 1580 2599 nouerit
1612 2563 1745 2599 furem
1781 2563 1821 2598 in
1854 2572 1984 2608 mary.
2016 2561 2044 2597 S

395 2633 543 2657 manus
586 2623 789 2658 recentior.
885 2623 945 2658 10.
986 2632 1081 2657 cum
1131 2621 1241 2656 furto
1289 2631 1368 2657 om.
1412 2620 1489 2656 AS.
1584 2621 1749 2656 10--11.
1796 2620 1918 2655 bonis
1957 2618 2044 2654 suis

394 2701 503 2726 omn.
538 2690 576 2726 S.
643 2692 702 2727 11.
736 2690 1044 2726 multitudinem
1079 2690 1159 2725 VA.
1226 2690 1285 2724 12.
1320 2690 1436 2735 prius
1466 2688 1558 2734 fort.
1592 2689 1625 2724 D
1658 2674 1759 2735 (1¹29),
1798 2688 1935 2734 primo
1968 2686 2043 2723 AS.

397 2748 459 2783 13.
500 2758 594 2782 cum
635 2758 712 2783 0111.
753 2747 829 2787 AS,
924 2749 986 2783 16.
1029 2758 1103 2782 sua
1142 2745 1239 2795 (pro
1279 2743 1392 2794 squa)
1431 2745 1469 2781 S.
1566 2747 1624 2781 17.
1667 2756 1786 2781 veros
1827 2755 1963 2780 mares
2005 2743 2043 2780 S.

398 2805 458 2840 18.
494 2805 708 2840 cruciatur
740 2805 786 2849 S3
832 2801 1069 2853 c‘ceatur(‘.²)
1100 2805 1143 2840 A.
1240 2804 1300 2839 19.
1333 2802 1514 2838 inimicis
1547 2803 1593 2847 V,
1633 2802 1737 2846 item,
1787 2804 1830 2837 ut
1861 2801 1950 2847 vid„
1994 2797 2044 2845 D,

395 2861 467 2896 elsi
489 2862 688 2907 scriptura
717 2862 866 2897 [acet-la
891 2864 948 2897 est
976 2859 1123 2909 (mucis
1149 2862 1219 2895 cml
1250 2857 1420 2908 inticis),
1450 2858 1578 2903 jineis
1605 2859 1644 2904 S,
1676 2859 1874 2895 recentior
1895 2868 2044 2895 manus

390 2916 523 2963 juiius
554 2917 618 2965 (z
642 2917 826 2966 inuitus),
873 2921 915 2954 u!
945 2920 978 2953 A
1016 2918 1248 2963 (inimicum
1290 2917 1456 2952 ciuibus
1496 2920 1661 2952 scutum
1703 2916 1870 2952 afferret
1909 2915 2043 2960 Saxo).

396 2976 459 3010 22.
496 2975 671 3010 scrrcam
700 2975 774 3011 AS.
837 2976 901 3012 23.
938 2986 1012 3022 per
1043 2975 1236 3010 homines
1269 2974 1309 3010 S.
1373 2973 1540 3009 25—26.
1572 2984 1619 3009 ex
1652 2973 1814 3019 agnosti
1845 2969 1964 3008 illur¹s
1995 2982 2041 3007 ex

396 3031 559 3077 ingenio
602 3035 768 3078 satrapa
783 3034 821 3077 (Ι)
855 3033 898 3068 D.
991 3033 1053 3068 27.
1095 3031 1309 3078 pingneris
1342 3032 1386 3075 A,
1432 3032 1467 3065 el
1503 3031 1560 3065 sic
1601 3041 1682 3066 non
1717 3040 1812 3065 raro
1843 3028 2043 3065 scribitur.

397 3088 459 3124 28.
495 3089 545 3123 ab
580 3089 650 3123 illo
684 3089 758 3125 AS.
838 3090 987 3135 pignus
1019 3099 1068 3124 ex
1098 3088 1259 3124 Saxone
1290 3087 1439 3123 addidi.
