2150 3584
587 227 881 256 COMPENDIVM
915 227 1113 256 sAxoNJs.
1163 229 1245 257 Lm.
1278 229 1371 257 xnn
1716 220 1792 259 431

153 341 327 382 cendiis
360 340 566 394 peractiS,
598 353 808 381 reuersus
842 345 919 381 est.
969 341 1108 393 Igitur
1142 342 1410 383 Kazimarus
1443 347 1481 382 et
1510 344 1797 395 Bugizlauus,

153 414 293 454 duces
312 413 595 464 pomeranie,
629 416 813 466 propter
846 417 1017 453 metum
1047 414 1283 453 Danorum
1316 427 1362 454 se
1394 418 1434 454 et
1467 419 1630 455 terram
1666 429 1795 455 suam

153 485 360 526 dominio
396 484 585 536 Hinrici,
618 484 747 525 ducis
781 484 989 534 Saxonie,
1023 486 1338 526 subdiderunt.
1395 487 1479 527 Sed
1514 500 1603 538 rm,
1636 487 1797 528 Slauos

153 560 195 597 et
249 556 450 597 Saxones
504 560 858 609 contempnens,
921 557 1083 598 iterum
1135 558 1453 599 Pomeraniam
1509 559 1694 598 intrauit
1745 573 1798 600 ac

152 628 310 669 vrbem
345 628 490 682 Stytin
523 628 838 669 firmissimam
872 629 1111 670 obsidione
1143 630 1257 670 adeo
1291 630 1464 681 afflixit,
1502 635 1545 671 vt
1577 632 1667 671 dux
1701 631 1796 671 eius
1823 640 1841 668 s

152 700 462 741 Wartizlauus
501 701 557 740 ad
591 711 741 751 regem
777 712 983 753 egressus
1016 714 1174 754 pacem
1210 705 1376 754 peteret
1408 689 1502 755 (el),
1548 703 1795 742 maximam

152 772 395 826 pecuniam
436 785 540 813 cum
584 772 825 813 obsidibus
858 777 1031 826 pactus,
1078 786 1103 813 a
1151 784 1251 825 rege
1295 774 1552 814 dominium
1601 774 1797 814 ciuitatis

153 858 235 898 pro
283 857 473 885 munere
520 848 781 898 reportaret.
845 845 1020 885 Accidit
1062 849 1230 897 autem,
1277 850 1326 885 ut
1371 859 1447 886 rex
1494 850 1535 886 et
1584 847 1797 887 Hinricus

151 917 315 957 iterum
343 916 502 957 fierent
526 916 684 967 amici;
718 918 794 957 sed
824 921 977 957 tamen
999 918 1228 970 Hinricus,
1262 918 1519 972 frequenter
1551 918 1797 970 menciens,

152 1001 392 1042 nunquam
426 989 635 1029 stabilem
668 989 927 1030 amiciciam
962 1003 1066 1030 cum
1099 1001 1200 1042 rege
1226 991 1418 1031 tenebat.
1468 990 1622 1030 Multis
1649 990 1792 1031 eciam
1826 1000 1864 1030 10

151 1060 329 1102 vicibus
368 1074 447 1102 rex
487 1074 567 1114 per
607 1074 653 1102 se
696 1062 767 1102 vel
814 1075 893 1114 per
940 1075 1047 1102 suos
1087 1062 1289 1103 Slauiam
1337 1062 1521 1103 intrauit
1569 1063 1795 1114 bellando,

151 1134 386 1186 predando
428 1137 470 1174 et
511 1133 812 1175 incendendo.
847 1158 901 1162 —
937 1135 1035 1175 Hiis
1066 1134 1351 1188 temporibus
1385 1134 1560 1175 Swerro
1593 1134 1796 1187 quidam,

151 1205 229 1259 qui
260 1205 307 1245 in
342 1206 478 1246 Feror
509 1205 657 1246 fuerat
688 1208 914 1258 sacerdos,
960 1207 1127 1248 reiecto
1160 1206 1422 1248 sacerdocio
1457 1207 1577 1247 venit
1609 1207 1654 1246 in
1688 1206 1798 1247 Nor-

149 1277 355 1330 wegiam‚
389 1278 546 1318 dicens
578 1291 719 1318 auum
755 1292 890 1319 suum
921 1279 1060 1319 fuisse
1088 1279 1340 1319 Haraldum
1372 1279 1687 1330 Hibernicum,
1719 1279 1797 1332 qui

151 1350 438 1402 Norwegiam
472 1350 670 1404 optinuit
700 1355 905 1404 tempore
939 1351 1060 1392 Erici
1095 1351 1271 1401 Emun3
1313 1363 1366 1391 ac
1404 1352 1462 1391 ad
1494 1351 1796 1391 colorandum
1826 1359 1864 1389 15

149 1418 444 1463 mendacium
493 1436 628 1463 suum
677 1436 723 1464 se
770 1423 1030 1464 nominauit
1078 1424 1318 1475 Magnum,
1378 1423 1495 1464 sicut
1548 1423 1798 1464 vocabatur

150 1497 277 1547 pater
322 1494 430 1534 dicti
470 1495 674 1547 Haraldi,
721 1508 774 1536 ac
820 1495 968 1536 filium
1013 1509 1164 1548 suum,
1212 1482 1400 1550 (Vnam)
1445 1496 1571 1549 prius
1610 1496 1797 1536 nomine

149 1566 290 1619 patris
314 1567 609 1620 appellatum,
639 1568 823 1608 vocauit
841 1568 1112 1619 Siwardum,
1146 1568 1334 1609 nomine
1359 1568 1438 1621 filij
1466 1568 1573 1609 dicti
1596 1568 1793 1608 Haraldi.

149 1638 284 1689 Quod
316 1643 410 1679 tam
443 1639 689 1693 impudens
723 1641 1018 1681 mendacium
1051 1641 1164 1681 adeo
1198 1641 1419 1681 creditum
1454 1645 1518 1681 est
1550 1654 1574 1680 a
1605 1640 1795 1692 Noricis,

147 1715 193 1751 vt
250 1711 437 1764 plurimi
490 1711 675 1752 illorum
730 1712 883 1766 ipsum
944 1713 1158 1765 eligerent
1211 1726 1292 1766 pro
1347 1713 1585 1766 capitaneo
1639 1717 1795 1753 contra
1822 1721 1864 1751 20

150 1783 390 1835 Erlingum
422 1795 573 1836 regem
606 1797 756 1825 suum.

235 1856 415 1897 XXVII.
464 1857 595 1897 Tunc
626 1857 791 1898 accidit
823 1858 982 1910 eciam,
1015 1862 1061 1898 vt
1087 1859 1292 1910 Magnus,
1327 1858 1449 1898 filius
1482 1858 1603 1898 Erici
1634 1857 1795 1909 Lamb,

148 1928 222 1969 cui
255 1932 388 1982 capto
421 1928 466 1968 in
501 1929 620 1970 bello
645 1929 825 1982 Grathe,
858 1930 1092 1971 interfecto
1112 1931 1347 1982 Swenone,
1380 1944 1455 1971 rex
1473 1931 1796 1971 waldemarus

148 2013 241 2041 non
274 2001 424 2041 solum
458 2000 598 2041 vitam
631 2002 709 2042 sed
742 2002 886 2042 eciam
920 2002 1178 2043 amiciciam
1212 2004 1465 2043 donauerat
1497 2007 1537 2042 et
1565 2002 1796 2042 familiari-

149 2076 301 2125 tatem,
334 2072 379 2113 in
415 2077 607 2114 mortem
641 2074 846 2114 eiusdem
879 2074 995 2126 regis
1028 2087 1132 2115 cum
1161 2076 1341 2115 Kanuto
1368 2079 1408 2115 et
1434 2075 1616 2126 Karulo,
1651 2074 1793 2114 eciam
1821 2083 1863 2112 25

147 2145 202 2185 d'e
249 2144 387 2198 stirpe
433 2145 554 2197 regia
603 2147 949 2199 prodeuntibus,
997 2147 1289 2200 conspiraret.
1353 2147 1452 2197 Que
1494 2146 1794 2199 conspiracio,

147 2217 227 2257 diu
268 2217 494 2258 occultata
534 2230 588 2258 ac
620 2218 830 2271 pluribus
863 2219 1012 2260 modis
1045 2220 1224 2260 effectui
1257 2219 1494 2270 destinata,
1542 2220 1618 2259 sed
1652 2231 1675 2258 a
1709 2219 1793 2258 deo

235 2376 268 2411 1.
301 2375 538 2412 karimarus
571 2376 617 2420 S;
649 2377 870 2413 karmarus
903 2378 946 2414 Α,
1022 2377 1290 2423 bugirslauus
1317 2378 1360 2413 Α.
1424 2378 1457 2413 2.
1491 2388 1607 2413 suam
1642 2387 1719 2412 om.
1751 2377 1792 2412 Α.

148 2432 183 2468 3.
224 2433 421 2469 domineo
455 2433 498 2469 A.
576 2434 611 2469 4.
657 2434 892 2469 Pomeriam
927 2435 972 2470 V.
1051 2435 1084 2470 5.
1125 2437 1265 2480 stytyn
1300 2435 1358 2470 vel
1389 2438 1534 2480 scytyn
1570 2435 1610 2469 Α.
1687 2433 1795 2469 obsi-

146 2490 314 2526 dionem
341 2490 421 2526 VA.
498 2490 602 2525 adeo
635 2501 714 2526 om.
750 2491 788 2526 S.
865 2495 905 2527 vt
937 2492 1027 2536 VA3
1060 2495 1098 2526 et
1131 2492 1169 2526 S.
1232 2492 1265 2527 6.
1298 2491 1543 2527 wartilauus
1567 2491 1618 2531 Ᾱ;
1651 2491 1793 2526 warci-

146 2547 237 2583 laus
278 2546 316 2584 S.
407 2550 446 2583 et
486 2547 635 2583 addidi.
715 2549 748 2584 7.
794 2551 835 2583 vt
881 2560 902 2584 a
951 2558 1044 2594 rege
1084 2549 1127 2583 Α.
1204 2548 1238 2583 8.
1286 2559 1363 2594 pro
1411 2559 1583 2584 munere
1630 2559 1706 2583 om.
1750 2548 1792 2583 Α,

147 2604 390 2650 reportabat
422 2604 461 2640 S.
543 2605 603 2640 12.
637 2608 675 2640 et
707 2615 784 2642 om.
818 2605 861 2641 V.
940 2607 1088 2641 swerro
1121 2606 1173 2647 V;
1222 2607 1337 2641 suero
1377 2616 1476 2640 corr.
1509 2615 1558 2640 ea:
1591 2607 1712 2640 sueno
1746 2604 1792 2644 S;

148 2662 270 2697 sueno
298 2662 330 2697 Α
360 2659 533 2709 (Suerus
551 2659 684 2709 Saxo).
749 2663 808 2699 13.
845 2662 974 2698 Feror
990 2662 1134 2707 scripsi
1161 2663 1348 2708 (Ferogia
1379 2662 1520 2705 Sorech
1554 2661 1646 2697 soor
1677 2659 1791 2698 codd.

149 2718 211 2753 14.
249 2718 430 2764 Hybern.
463 2719 513 2763 Α;
558 2718 704 2764 ybern.
740 2718 778 2754 S.
857 2720 918 2754 15.
951 2725 1044 2755 emfi
1071 2719 1118 2762 S;
1159 2730 1266 2754 emm
1301 2721 1323 2763 (ἔ
1354 2719 1445 2765 fort.
1476 2729 1552 2764 pro
1584 2719 1706 2764 emfij)
1739 2718 1793 2757 V:

146 2775 285 2821 emunj
319 2776 352 2810 Α
447 2776 493 2811 16
519 2796 527 2799 -
549 2776 608 2810 17.
649 2777 792 2811 vocab.
834 2776 931 2811 dicti
968 2776 1137 2811 Haraldi
1184 2776 1342 2819 filiusffi
1376 2776 1414 2811 S.
1491 2776 1619 2810 Vnam
1653 2775 1794 2811 addidi

147 2831 408 2876 (eaeSaxone‚·
440 2843 588 2867 nomen
619 2833 749 2878 pall-Is
774 2832 997 2869 Swerronis
1029 2831 1163 2868 abesse
1194 2844 1275 2868 non
1308 2834 1464 2878 potest).
1529 2833 1590 2868 18.
1625 2833 1792 2868 nomine

146 2888 244 2924 dicti
292 2888 365 2924 filii
415 2889 587 2924 Haraldi
635 2890 679 2925 V.
758 2890 821 2926 20.
869 2890 1006 2936 ipsum
1053 2889 1138 2933 As;
1185 2900 1278 2925 eum
1328 2890 1371 2925 V.
1448 2890 1512 2924 24.
1561 2890 1794 2924 donauerat

145 2945 379 2982 amiciciam
426 2946 551 2991 codd,
598 2948 765 2982 correxi.
842 2947 906 2982 25.
955 2946 1101 2982 karolo
1148 2946 1213 2981 hic
1251 2947 1293 2982 V.
1371 2947 1434 2982 26.
1482 2957 1529 2981 ex
1576 2946 1704 2992 stirpe
1753 2945 1790 2980 S.

146 3002 210 3038 27.
242 3013 290 3038 ac
322 3003 410 3046 VA;
442 3013 464 3038 a
497 3002 537 3039 S.
618 3003 796 3040 effectufi
822 3004 864 3039 Α.
941 3003 1044 3039 adeo
1059 3005 1096 3047 (ἰ)
1128 3003 1172 3039 Α.
