2150 3584
305 980 346 1011 10

307 1486 344 1516 15

301 1850 344 1881 20

374 194 456 233 384
718 204 993 233 SCRIPTORES
1026 203 1252 233 HlsromAE
1283 204 1460 232 DANICAE
1492 204 1690 233 M1NOREs

369 318 600 372 posteritas
648 318 892 358 emanauit.
957 319 1074 370 Rege
1121 321 1356 371 perempto
1397 318 1597 371 populus
1636 318 1876 371 gaudebat,
1916 331 2021 359 cum

375 390 604 431 lacrimari
644 391 838 431 deberet.
902 391 988 431 Sed
1034 391 1146 431 deus
1185 390 1301 443 regis
1346 390 1667 431 innocenciam
1715 394 1756 430 et
1795 391 2022 432 occultam

374 464 462 504 vite
493 463 638 516 ipsius
664 463 915 504 bonitatem
941 476 1020 516 per
1047 467 1204 516 aperta
1230 462 1452 503 miracula
1471 463 1709 503 ostendere
1726 463 2022 515 dignabatur;

373 536 543 590 quibus
570 536 840 589 prophanus
867 536 1066 588 populus
1090 536 1358 576 reluctando
1386 535 1578 587 dicebat,
1611 548 1717 576 eum
1744 535 1860 576 iuste
1890 535 2023 577 inter-

373 609 556 660 fectum,
589 612 632 649 et
662 608 764 649 ideo
797 608 871 648 illa
908 607 1132 648 miracula
1163 607 1463 660 decepciones
1494 620 1612 658 esse3
1660 608 1738 648 sed
1770 620 1875 648 cum
1908 609 2022 649 adeo

373 681 492 722 clare
519 681 690 732 fierent,
722 684 770 721 vt
795 681 948 720 nullus
975 680 1040 720 eis
1064 679 1375 721 contradicere
1400 683 1566 733 posset,
1598 679 1812 720 dicebant
1835 680 2020 733 quidem

373 767 478 794 eum
511 753 627 794 iuste
654 753 873 805 occisum,
906 754 984 793 sed
1009 753 1163 806 ipsum
1188 752 1397 793 diuinam
1424 752 1624 804 graciam
1642 756 1820 792 tantum
1839 756 2023 806 propter

372 826 580 866 Vltimam
627 825 935 879 penitenciam
976 825 1209 866 meruisse.
1273 824 1345 866 Sic
1384 837 1582 879 nequam
1625 825 1824 878 populus
1865 825 2023 866 induci

373 911 465 939 non
506 901 694 951 poterat,
737 901 783 939 vt
822 898 1109 939 sanctitatem
1148 897 1245 938 eius
1284 897 1450 938 coleret
1480 897 1665 949 integre,
1705 897 1836 937 cuius
1866 901 2020 938 tamen

372 971 419 1011 in
466 970 573 1011 celis
619 970 812 1022 gloriam
860 970 1019 1010 diuina
1070 969 1280 1023 potencia
1326 969 1606 1010 ostendebat.
1669 970 1818 1020 Quem
1864 973 2022 1023 postea

374 1044 610 1084 Romanus
651 1043 855 1096 pontifex
901 1042 1224 1083 canonizatum
1263 1042 1591 1083 honorandum
1624 1042 1768 1082 eciam
1807 1042 1854 1082 in
1891 1042 2022 1083 terris

373 1115 625 1156 mandauit.

844 1295 935 1336 EX.
970 1296 1081 1336 LIB.
1115 1294 1213 1335 XII.
1278 1294 1543 1335 SAXONIS.

459 1403 490 1443 I.
567 1368 781 1445 Kanum
822 1402 1058 1443 interfecto
1089 1402 1185 1443 Juti
1217 1402 1403 1442 fratrem
1436 1401 1534 1442 eius
1566 1402 1825 1453 Glanum,
1866 1402 2021 1457 inique

372 1475 735 1529 conspiracionis
775 1476 967 1528 socium,
1007 1486 1160 1527 regem
1200 1475 1514 1528 postulabant3
1563 1487 1710 1528 neque
1751 1474 1872 1515 enim
1919 1475 2021 1516 aliis

372 1548 468 1589 eius
509 1548 740 1600 fratribus,
787 1548 932 1602 ipsius
972 1561 1128 1589 amore
1167 1546 1404 1600 suspectis,
1450 1547 1576 1587 hunc
1614 1547 1838 1588 honorem
1870 1548 2020 1601 cupie-

372 1621 494 1662 bant.
539 1621 696 1674 Itaque
714 1621 909 1674 pecunia
927 1634 1010 1674 pro
1029 1620 1126 1661 eius
1144 1620 1467 1673 redempcione
1484 1619 1710 1672 promissa
1729 1619 2020 1673 Nicholaum,

372 1693 556 1734 fratrem
604 1694 715 1743 eius,
770 1707 853 1747 pro
901 1707 953 1734 eo
1000 1693 1210 1734 obsidem
1261 1692 1309 1732 in
1357 1691 1622 1732 Flandriam
1655 1693 2020 1746 transmiserunt,

370 1767 707 1820 remissumque
726 1767 929 1808 Olauum
956 1777 1108 1819 regem
1132 1768 1416 1807 creauerunt.
1465 1764 1601 1815 Quod
1633 1764 1826 1806 audiens
1845 1765 2021 1818 Ericus‚

371 1839 450 1892 qui
497 1852 603 1879 eum
650 1839 840 1880 Sleswik
885 1839 1214 1890 vinculauerat,
1271 1850 1377 1878 cum
1426 1850 1562 1878 vxore
1609 1850 1691 1878 sua
1739 1838 1919 1878 Botilda
1972 1838 2018 1879 in

371 1912 591 1953 Sweciam
640 1912 764 1964 fugit.
842 1911 962 1952 Dani
1009 1924 1114 1952 vero
1162 1910 1351 1952 collecta
1398 1910 1593 1963 pecunia
1642 1910 1917 1951 Nicholaum
1964 1912 2020 1952 de

371 1984 889 2025 Flandrialiberabant.
952 1984 1123 2025 Diuina
1155 1987 1309 2025 autem
1341 1982 1459 2023 vlcio
1500 1986 1684 2036 propter
1715 1995 1873 2023 necem
1913 1983 2020 2025 iusti

370 2057 591 2111 principis
623 2070 760 2110 super
791 2068 982 2109 regnum
1015 2056 1158 2108 venit;
1202 2068 1308 2097 cum
1341 2055 1464 2096 enim
1498 2054 1616 2095 Dani
1648 2055 1800 2097 Olauo
1831 2056 2020 2109 applau-

457 2207 491 2243 2.
524 2203 739 2255 lacrimiffi
769 2206 814 2242 V.
890 2205 1054 2242 occulte
1086 2205 1125 2242 S.
1188 2205 1223 2241 3.
1255 2205 1345 2240 eius
1377 2204 1474 2240 bon.
1505 2203 1581 2240 AS.
1644 2204 1679 2240 5.
1711 2202 1745 2239 ὦ
1775 2201 1815 2252 (i.
1848 2215 1877 2240 e.
1909 2203 2022 2254 ideo)

372 2264 495 2312 DVS;
530 2275 608 2300 om.
633 2264 687 2310 Α;
719 2263 860 2299 omnia
888 2261 1115 2309 Lan9ebelc.
1192 2261 1460 2309 decepcionis
1493 2261 1532 2297 S.
1594 2261 1630 2298 6.
1665 2261 1701 2296 ei
1734 2260 1774 2296 S.
1848 2261 2017 2307 quidem

366 2321 460 2368 fort.
495 2322 566 2357 DV
594 2332 671 2368 per
699 2320 999 2367 compendium,
1034 2320 1142 2366 qnod
1173 2320 1293 2356 etiam
1327 2319 1499 2365 quidam
1529 2318 1761 2364 significare
1780 2320 1919 2365 potest,
1952 2320 2021 2356 sed

370 2379 539 2425 quidem
563 2380 733 2425 propter
746 2377 923 2414 Saxonis
949 2379 1100 2414 textum
1133 2377 1265 2413 verius
1296 2387 1378 2413 esse
1402 2376 1574 2421 vidctar3
1606 2374 1778 2422 quidam
1798 2375 1847 2421 S;
1880 2386 1958 2413 om.
1976 2377 2019 2415 Α.

372 2437 406 2473 7.
455 2439 509 2472 tm
557 2433 752 2485 (tantum)
796 2435 928 2481 codd,
977 2446 1056 2471 om.
1104 2434 1332 2481 Lanyebek.
1450 2436 1624 2480 propter
1673 2433 1728 2478 ὓς
1786 2443 1861 2479 per
1906 2434 2020 2471 VAS.

371 2495 405 2530 9.
438 2494 575 2540 potuit
605 2493 682 2530 As.
757 2492 930 2529 colleret
963 2492 1022 2528 vel
1052 2492 1218 2528 tolleret
1248 2492 1293 2528 V.
1370 2491 1431 2527 10.
1463 2491 1595 2534 Quem
1628 2499 1707 2527 om.
1741 2489 1781 2533 S,
1827 2490 1897 2537 qui
1927 2494 2049 2528 ante·

370 2552 664 2587 canonizatum
707 2550 878 2586 inseruit
915 2549 1034 2586 verba
1073 2560 1186 2585 anno
1224 2548 1289 2585 dffi
1320 2551 1435 2585 M⁰.c⁰.
1509 2548 1557 2583 In
1589 2546 1776 2592 maryine
1807 2544 1839 2583 A
1880 2549 2018 2585 eadem

371 2608 489 2644 verba
537 2607 768 2644 rubricator
811 2605 1038 2653 adscripsit.
1139 2608 1201 2643 11.
1249 2606 1381 2642 eciam
1427 2615 1505 2641 om.
1553 2604 1591 2641 S.
1684 2603 1865 2640 Ceterum
1912 2606 2020 2643 hanc

370 2666 609 2702 sententiam
651 2664 1072 2710 Quem..mandauit
1112 2663 1355 2710 epitomator
1391 2661 1620 2699 maximam
1659 2662 1818 2707 partem
1858 2662 1907 2698 de
1945 2675 2019 2700 sno

370 2723 535 2759 addidit.
569 2744 609 2748 —
654 2723 715 2758 13.
748 2722 960 2768 Inscriptio
994 2721 1034 2757 in
1068 2722 1122 2757 D:
1164 2720 1286 2756 lliber
1322 2721 1399 2756 129.
1460 2719 1618 2755 Olauus
1653 2718 1742 2763 7493
1789 2718 1830 2754 in
1862 2719 1912 2757 A:
1961 2721 2018 2757 De
2051 2765 2052 2768 Ἴ

372 2781 478 2826 Rege
503 2780 636 2816 Olauo
669 2790 794 2826 quem
828 2779 974 2815 dicunt
999 2778 1213 2824 Hungher‚
1245 2779 1280 2814 et
1306 2778 1348 2813 in
1373 2786 1524 2822 mara:
1556 2786 1684 2812 xcnn.
1716 2775 1827 2811 Oleff
1848 2776 2020 2824 Hunger

372 2837 518 2873 Knudz
553 2837 716 2873 broder.
750 2858 792 2863 —
837 2838 898 2872 16.
931 2847 1118 2872 amorem
1150 2835 1227 2871 AS.
1301 2833 1525 2881 capiebant
1555 2833 1601 2869 V.
1680 2833 1742 2869 17.
1777 2843 1853 2879 pro
1885 2835 2018 2882 ipsius

370 2895 455 2931 red.
491 2894 529 2930 S.
606 2895 816 2930 nicolaum
849 2904 954 2939 soepe
985 2893 1149 2938 codices,
1183 2892 1291 2939 qaod
1321 2891 1444 2928 semel
1473 2890 1623 2926 dictam
1656 2889 1714 2925 sit.
1782 2891 1842 2926 18.
1875 2892 2017 2928 malim

370 2963 447 2998 pro
500 2962 547 2987 ea
604 2950 700 2999 (scil.
754 2951 952 2998 pecunia;
1012 2950 1152 2987 Saxo:
1215 2949 1361 2986 vadem
1417 2958 1494 2995 pro
1549 2948 1638 2983 eius
1696 2947 2017 2997 redempcione).

372 3009 432 3044 19.
480 3012 729 3045 creauerant
774 3010 818 3044 Α.
937 3009 1000 3044 20.
1049 3007 1222 3043 slaeswik
1268 3007 1320 3052 V;
1389 3005 1574 3041 sleswich
1622 3005 1674 3049 D;
1745 3004 1931 3052 sleswigh
1978 3007 2018 3043 S.

371 3067 417 3101 21
453 3065 504 3113 (et
528 3065 649 3114 alibi).
683 3065 1005 3111 nicholauumfl)
1039 3065 1077 3102 S.
1139 3065 1203 3101 23.
1236 3064 1396 3100 inuenit
1426 3060 1533 3108 (ῑυοῑ)
1567 3065 1612 3102 D.
1690 3065 1815 3101 olauo
1849 3063 1948 3100 dani
1974 3065 2015 3101 S¹
