2150 3584
673 210 932 239 CHRONJCON
967 211 1275 239 ROSKILDENSE
1740 202 1786 240 31

151 325 207 364 ab
241 337 292 364 eo
325 324 547 364 auxilium
582 324 724 377 pecijt.
790 324 878 374 Qui
918 328 1159 377 postquam
1195 328 1334 364 totam
1370 325 1530 365 scriem
1565 326 1792 376 cognouit,

150 396 343 450 qualiter
381 400 508 449 pater
547 396 643 436 eius
683 396 943 436 interfectus
986 396 1068 436 fuit
1100 399 1142 435 et
1173 397 1345 447 fratres,
1394 409 1580 449 sperans
1621 398 1790 451 aliquid

150 468 258 508 boni
299 481 352 508 ex
393 481 445 508 eo
486 468 689 508 futurum
731 468 776 508 in
817 480 897 508 sua
938 454 1107 521 <curia>
1154 480 1257 507 eum
1301 469 1498 521 suscepit
1539 473 1579 508 et
1620 474 1789 521 partein

150 540 271 592 regni
299 540 367 580 sui
394 540 610 580 omnibus
636 540 797 581 diebus
817 540 967 581 Herici
992 541 1049 580 ad
1075 540 1330 580 necessaria
1358 540 1441 580 sibi
1470 541 1794 591 benignissime

149 612 384 653 concessit.
435 614 583 665 Byorn
611 617 651 653 et
679 612 894 653 Hericum
915 612 1164 652 Diaconem
1191 625 1313 652 anno
1341 625 1432 652 uno
1465 617 1566 651 ante
1600 617 1791 653 mortem
1821 623 1839 651 5

150 684 289 737 patris
307 685 363 724 ad
382 685 633 732 castellum,
659 684 782 739 quod
808 688 873 725 est
890 688 993 725 ante
1012 688 1194 737 portum
1215 684 1448 736 Sieswieh,
1475 673 1574 738 <rear
1594 672 1794 737 Hericus>

149 756 415 806 submersit;
450 757 656 809 Magnus,
675 757 991 805 duodecimus,
1008 757 1053 796 in
1074 756 1237 796 Scania
1255 769 1360 796 curn
1382 757 1561 808 Magno,
1585 757 1793 798 Nicholai

148 828 265 880 regis
298 828 405 879 filio,
438 829 483 869 in
518 829 636 870 bello
669 829 842 870 cecidit.
897 830 1071 870 Omnes
1103 829 1176 869 isti
1210 828 1287 882 filij
1326 829 1528 881 Haroldi,
1562 833 1602 869 et
1634 842 1795 870 omnes

149 900 222 940 isti
261 900 507 941 immatura
547 905 691 942 morte
732 902 994 955 consumpti
1027 905 1150 951 sunt3
1198 901 1376 942 Olauus
1415 914 1535 941 unus
1577 906 1795 954 superest,

152 972 286 1013 belua
319 974 569 1014 multorum
603 974 818 1027 capitum.

236 1091 396 1132 XVIII.
465 1053 655 1132 Interea
687 1093 894 1143 Ascerus,
943 1093 1202 1133 Lundensis
1234 1093 1623 1146 a1·chiepiscopUS,
1656 1093 1794 1134 tercio

153 1163 258 1203 Idus
292 1163 396 1216 Maij
439 1164 633 1205 moritur
673 1169 714 1204 et
752 1165 798 1204 in
839 1164 1028 1205 basilica
1069 1166 1212 1206 sancti
1247 1165 1484 1218 Laurencij
1528 1166 1793 1207 tumulatur.

152 1236 343 1277 Hericus
375 1240 542 1289 autem,
589 1250 668 1290 per
708 1237 863 1277 omnia
900 1241 945 1277 ut
986 1237 1122 1278 Cesar
1153 1237 1311 1282 factus,
1361 1238 1516 1278 omnia
1558 1238 1794 1278 obstacula

150 1321 383 1362 superans,
411 1310 589 1350 nullum
617 1323 772 1363 parem
799 1310 899 1361 sibi,
926 1310 1105 1350 nullum
1132 1310 1330 1363 priorem
1356 1310 1530 1361 uolens,
1557 1310 1795 1363 superbus,

150 1381 294 1421 elatus
326 1385 367 1422 et
398 1381 444 1422 in
478 1382 659 1423 malicia
693 1387 867 1436 potens,
901 1396 979 1435 per
1010 1383 1166 1422 omnia
1198 1383 1412 1423 terribilis
1438 1395 1564 1422 more
1590 1383 1795 1423 fulminis

149 1453 352 1504 incessit3
385 1454 613 1506 flentibus,
646 1455 683 1495 si
715 1455 824 1509 quid
858 1455 1134 1496 uidebantur
1165 1455 1347 1504 habere,
1388 1456 1588 1506 abstulit,
1628 1455 1797 1495 haben-

149 1525 270 1566 tibus
303 1530 345 1566 et
376 1528 495 1568 male
525 1527 780 1568 ridentibus
813 1529 989 1581 sparsit.
1041 1528 1135 1569 Hec
1167 1528 1260 1568 uita
1280 1527 1445 1578 Herici,
1478 1529 1563 1568 hec
1586 1528 1795 1579 incessio,

149 1598 252 1638 talis
294 1599 528 1650 introitus;
577 1601 653 1640 sed
694 1612 830 1652 nunc,
878 1600 981 1654 quis
1020 1600 1076 1640 sit
1123 1600 1282 1651 exitus,
1329 1600 1582 1640 uideamus.
1660 1600 1797 1651 Igitur

151 1671 340 1712 ueniens
371 1672 428 1712 ad
461 1673 694 1726 quoddam
738 1672 955 1726 placitum
997 1673 1121 1713 iuxta
1156 1673 1332 1726 Ripam,
1381 1672 1575 1713 surrexit
1606 1672 1794 1726 quidam

150 1743 336 1784 nomine
355 1744 517 1796 Plouh‚
550 1745 672 1799 quod
693 1745 850 1785 Latine
878 1748 1105 1786 ‘aratrum‘
1139 1749 1284 1796 sonat,
1317 1749 1357 1785 et
1380 1756 1530 1797 regem
1558 1744 1794 1785 incautum

151 1816 330 1856 mortali
365 1817 554 1857 uulnere
586 1817 844 1870 prostrauit.
906 1818 985 1858 Vir
1023 1818 1255 1869 deformis,
1303 1817 1456 1858 breuis
1488 1820 1670 1868 stature,
1717 1829 1796 1870 per

151 1899 197 1927 se
229 1887 370 1928 nichil
402 1888 586 1941 faciens,
628 1889 716 1930 nisi
756 1890 973 1930 dominus
1005 1890 1051 1930 in
1084 1894 1249 1941 aratro,
1296 1889 1513 1930 dominus
1545 1889 1590 1929 in
1624 1890 1795 1939 lancea,

151 1963 200 1999 ut
230 1960 447 2001 dominus
478 1961 525 2001 in
557 1961 714 2014 funda,
747 1962 964 2003 dominus
997 1962 1042 2002 in
1075 1963 1238 2016 lapide.

237 2136 271 2172 2.
304 2136 485 2182 qualiter
515 2140 555 2173 et
586 2140 704 2183 pater
735 2137 774 2173 S.
843 2137 878 2173 3.
911 2137 1028 2173 curia
1061 2137 1211 2173 addidi.
1289 2137 1322 2173 6.
1355 2148 1426 2173 rex
1461 2137 1611 2184 Heric9
1645 2136 1796 2173 addidi.

153 2191 187 2227 8.
221 2192 393 2229 Haraldi
426 2195 464 2230 S.
527 2195 562 2230 9.
594 2194 636 2230 in
670 2197 833 2230 matura
865 2194 913 2230 Ο.
981 2195 1041 2231 10.
1075 2194 1197 2230 belua
1231 2194 1459 2230 multorum
1494 2194 1691 2240 capitum,
1722 2193 1793 2238 cfr.

155 2248 294 2286 Horat.
327 2251 436 2296 epist.
468 2251 496 2295 I,
533 2251 566 2295 1,
588 2251 648 2287 76.

240 2318 344 2364 Cap.
391 2319 538 2355 XVIII.
627 2320 686 2356 12.
736 2320 833 2355 Idus
880 2331 959 2356 om.
1005 2319 1058 2365 03
1118 2323 1290 2355 ceterum
1339 2319 1481 2355 Nonas
1527 2319 1606 2354 dici
1651 2318 1794 2355 debuit.

153 2375 386 2412 tumulatur
412 2376 502 2421 KO;
534 2377 735 2423 sepelitur
760 2377 798 2413 S.
864 2377 926 2414 14.
956 2388 1098 2424 parem
1127 2377 1219 2419 sibi,
1251 2376 1412 2412 nullum
1444 2373 1608 2422 scripsi3
1640 2387 1795 2422 parem,

154 2432 316 2469 nullum
348 2433 428 2469 sibi
461 2434 576 2470 Kos.
651 2435 712 2470 15.
746 2444 861 2469 more
893 2433 1099 2470 fulminis:
1135 2433 1328 2479 cogitauit
1358 2435 1499 2469 auctor
1526 2432 1618 2479 fort.
1649 2433 1697 2468 (ie
1728 2433 1795 2468 illo

155 2500 271 2526 versu
287 2490 448 2526 Lucani
473 2490 672 2535 (Pharsal.
692 2491 734 2534 Χ,
755 2490 838 2535 34),
869 2490 936 2526 ubi
952 2491 1183 2526 Alexander
1206 2492 1386 2526 vocatur:
1419 2491 1645 2526 Terrarum
1672 2490 1794 2525 fatale

155 2547 310 2582 malum
349 2547 604 2595 fulmenque,
651 2548 763 2595 quod
808 2558 953 2584 omnes
982 2546 985 2585 ἰ
1016 2548 1254 2584 Percuteret
1286 2548 1444 2594 pariter
1476 2548 1675 2594 populos;
1720 2546 1792 2592 cfr.

153 2603 298 2643 Adam.
323 2603 455 2641 Brem.
489 2605 553 2642 lib.
577 2605 639 2641 III
665 2616 749 2651 cap.
776 2605 826 2641 16
857 2605 906 2641 de
935 2605 1121 2640 Haraldo
1150 2604 1454 2649 Haarderaade,
1487 2615 1603 2650 quem
1637 2604 1792 2640 fulmen

154 2662 452 2707 septentrionis
484 2665 608 2707 vocal,
641 2663 745 2698 sicut
773 2662 892 2698 etiam
924 2662 1108 2698 Cornelio
1134 2661 1386 2707 Hamsfortio
1417 2663 1578 2697 auctore
1603 2660 1792 2696 Hericum

154 2717 313 2754 Emune
365 2718 522 2756 fulmen
578 2719 905 2766 septentrionale
957 2719 1108 2754 dictum
1164 2729 1245 2754 esse
1298 2719 1437 2764 leyisse
1497 2729 1559 2753 me
1616 2717 1792 2753 memini.

157 2775 218 2811 16.
251 2776 391 2811 malim
425 2777 678 2812 hauentibus
708 2775 748 2825 (i.
783 2787 813 2813 e.
846 2774 1035 2823 cupidis).
1118 2777 1177 2812 19.
1211 2776 1382 2812 veniens
1416 2776 1455 2811 in
1490 2775 1517 2811 S
1550 2774 1794 2820 Stephanins

157 2831 196 2867 in
222 2843 349 2878 qvum
373 2834 555 2869 venisset
578 2834 763 2870 mutauit.
827 2834 891 2869 20.
919 2833 1018 2879 Plog
1035 2833 1083 2875 Ο,
1114 2833 1182 2868 sed
1203 2842 1227 2878 g
1251 2843 1300 2868 ex
1324 2834 1350 2868 h
1377 2834 1597 2868 correctum
1622 2832 1793 2875 videtin-3

155 2889 284 2935 Plogh
318 2890 345 2926 S
435 2893 474 2926 et
505 2902 582 2927 om.
616 2891 654 2927 S.
738 2891 801 2926 21.
835 2890 1074 2934 uulmere(!)
1108 2891 1140 2925 K
1221 2890 1275 2925 ad
1306 2890 1536 2936 prostrauit
1569 2889 1609 2924 in
1642 2889 1669 2924 S
1702 2888 1793 2924 add.

154 2945 420 2992 stephanius:
481 2949 599 2984 Anno
662 2947 830 2983 Domini
892 2947 1161 2983 M.C.XXXIX.
1251 2946 1404 2982 Deinde
1464 2945 1581 2981 verba
1641 2945 1793 2981 omnia.

156 3005 321 3041 21—23.
354 3005 424 3040 Vir
463 3004 772 3041 deformis..in
805 3004 943 3050 lapide
982 3014 1059 3041 om.
1093 3004 1131 3040 S.
1208 3004 1270 3039 23.
1304 3003 1610 3039 dominus..in
1644 3002 1793 3048 lapide,

155 3060 225 3106 cfr.
259 3061 350 3106 Rey.
383 3062 410 3103 Ι,
447 3062 508 3105 17,
529 3062 580 3097 49
597 3073 679 3108 sqq.

1824 985 1862 1016 10

1825 1391 1862 1421 15

1822 1754 1863 1784 20
