2150 3584
327 992 368 1022 10

327 1356 368 1386 15

327 1721 369 1752 20

330 2084 372 2115 25

399 204 481 243 398
740 215 1014 244 SCRIPTORES
1048 215 1274 244 HISTORIAE
1307 216 1483 244 DANICAE
1514 217 1713 245 MINORES

395 330 704 371 intencionem
724 330 1058 383 peregrinandi,
1077 343 1357 383 vxoremque
1375 333 1417 370 et
1432 330 1552 370 filios
1564 331 1746 371 Kanuto
1763 344 2045 373 recommen-

396 403 535 443 dauit.
599 403 775 443 Interea
809 403 1082 455 Ingeburgh,
1128 402 1257 444 vxori
1291 402 1474 456 Kanuti,
1521 403 1675 457 aliquo
1709 405 1847 444 modo
1879 404 2044 445 insidie

393 477 706 527 innotuerunt,
753 488 867 529 quas
907 475 985 517 illa
1027 475 1179 516 statim
1219 475 1318 516 viro
1355 489 1435 529 per
1466 475 1637 516 litteras
1667 476 1923 528 intimauit,
1970 477 2043 517 ille

395 553 562 600 autem,
596 560 783 589 securus
808 549 864 589 de
888 548 1099 589 amicicia
1118 548 1285 600 Magni,
1318 548 1628 589 monicionem
1655 548 1807 590 vxoris
1830 549 2044 590 timorem

395 621 613 662 friuolum
646 620 880 662 iudicauit.
931 621 1129 662 Peractis
1158 624 1311 661 autem
1336 625 1533 675 quatuor
1557 621 1858 662 communiter
1883 621 2044 675 primis

395 694 558 734 diebus
606 694 793 746 Natalis,
840 694 1077 734 residuum
1124 693 1225 734 festi
1274 694 1468 746 Magnus
1515 697 1557 734 et
1601 695 1811 734 Kanutus
1857 694 2043 735 diuisim

395 770 676 820 peregerunt.
740 766 856 808 Cum
895 770 1049 807 autem
1089 766 1184 807 dies
1228 766 1466 818 excogitati
1506 766 1735 820 parricidij
1770 766 2045 820 aduenisset,

397 840 591 891 Magnus
644 840 701 879 ad
748 840 983 894 quandam
1032 838 1199 880 siluam
1246 851 1352 879 cum
1399 840 1642 893 prophana
1689 839 1902 880 societate
1948 839 2045 892 iuit‚

395 912 723 965 occultansque
776 912 926 953 socios
971 912 1089 953 inter
1135 912 1320 952 arbusta
1368 911 1493 952 misit
1537 913 1770 966 quendam
1817 912 2046 953 Saxonem

394 989 537 1026 artem
579 985 774 1025 canendi
814 985 1060 1025 habentem
1100 985 1147 1024 in
1181 984 1424 1024 Haralstad
1467 985 1525 1025 ad
1558 985 1807 1035 Kanutum,
1855 988 1901 1026 vt
1939 997 2045 1025 cum

395 1057 553 1111 paucis
600 1057 752 1097 statim
800 1057 985 1098 veniret.
1077 1057 1168 1108 Qui
1215 1056 1390 1109 statim,
1437 1061 1616 1097 tantum
1663 1057 1799 1098 sociis
1847 1061 2046 1111 quatuor

394 1131 667 1185 assumptis,
727 1130 916 1170 inermis
964 1143 1134 1184 equum
1183 1129 1408 1182 ascendit,
1466 1133 1738 1184 tantumque
1784 1130 1832 1170 in
1880 1130 2046 1182 Magno

394 1204 668 1256 confidebat,
715 1206 760 1244 vt
803 1203 948 1244 eciam
987 1203 1084 1244 sine
1124 1216 1231 1243 ense
1271 1202 1310 1243 ei
1352 1202 1637 1255 occurrisset,
1684 1202 1771 1243 nisi
1818 1215 1898 1256 per
1938 1216 2045 1244 suos

395 1290 551 1318 ensem
582 1276 784 1329 recipere
815 1277 946 1330 quasi
980 1279 1226 1328 cogeretur.
1289 1275 1422 1315 Tunc
1452 1275 1602 1316 dictus
1635 1275 1766 1328 Saxo,
1811 1289 1891 1329 per
1922 1276 2044 1317 viam

395 1354 499 1391 ante
518 1351 751 1391 Kanutum
780 1348 989 1402 equitans
1015 1348 1254 1403 sciensque
1280 1361 1384 1389 eum
1412 1347 1597 1400 diligere
1629 1361 1780 1389 mores
1813 1352 1854 1389 et
1885 1352 2046 1389 cantus

395 1422 771 1474 Teutonicorum,
805 1434 905 1475 egre
936 1422 1038 1462 tulit
1069 1434 1228 1462 necem
1259 1420 1372 1461 tanti
1404 1421 1503 1473 viri,
1539 1424 1580 1460 et
1611 1420 1713 1462 ideo
1746 1435 1826 1475 per
1857 1425 2043 1462 cantum

396 1509 498 1535 eum
535 1508 720 1536 monere
753 1494 909 1548 voluit,
942 1499 987 1535 vt
1020 1494 1106 1534 sibi
1138 1497 1319 1534 caueret
1350 1494 1405 1534 de
1436 1493 1616 1534 insidiis
1644 1494 1919 1547 preparatis;
1952 1507 2044 1535 non

395 1569 518 1611 enim
565 1572 718 1622 aperte
765 1568 805 1608 ei
844 1553 977 1622 (rem)
1024 1568 1227 1608 reuelare
1273 1570 1449 1620 poterat
1495 1570 1679 1620 propter
1719 1567 2045 1619 iuramentum,

396 1643 519 1696 quod
540 1643 732 1694 Magnus
757 1641 815 1681 ab
839 1641 1055 1681 omnihus
1082 1639 1218 1680 sociis
1241 1642 1489 1680 extorserat
1509 1638 1556 1679 in
1581 1640 1668 1681 hac
1689 1652 1841 1681 causa.
1887 1640 2046 1680 Dictus

395 1715 531 1767 igitur
564 1715 681 1755 Saxo
715 1718 898 1755 cantare
930 1713 1048 1766 cepit
1079 1716 1189 1753 tunc
1220 1712 1509 1753 notissimam
1541 1712 1810 1766 hystoriam,
1853 1712 2047 1767 qualiter

398 1787 619 1829 Grimilda
652 1787 826 1841 perfida
860 1790 902 1827 et
932 1786 1075 1840 impia
1107 1786 1241 1826 fuerit
1273 1796 1377 1837 erga
1406 1784 1580 1837 fratres,
1612 1785 1867 1838 intendens,
1899 1789 1945 1827 vt
1967 1798 2047 1838 per

397 1862 485 1902 hoc
532 1861 742 1901 Kanutus
789 1859 962 1912 aliquid
1012 1858 1321 1911 suspicaretur
1367 1858 1423 1898 de
1468 1857 1628 1898 fraude
1670 1858 1843 1910 Magni3
1889 1861 1934 1898 at
1979 1857 2047 1898 vir

396 1934 619 1974 innocens
672 1932 815 1973 nichil
869 1931 979 1972 mali
1034 1932 1089 1971 de
1145 1930 1295 1971 amico
1352 1933 1527 1984 poterat
1583 1930 1819 1984 suspicari.
1910 1931 2046 1981 Quod

397 2008 641 2047 aduertens
676 2005 793 2046 Saxo
826 2004 1156 2045 extremitatem
1190 2003 1329 2044 lorice
1362 2016 1441 2044 sue
1472 2003 1738 2056 denudauit,
1771 2007 1817 2044 vt
1848 2016 1928 2056 per
1960 2003 2049 2044 hoc

402 2080 611 2120 Kanutus
643 2081 948 2130 cognosceret,
990 2076 1140 2117 socios
1173 2076 1327 2129 Magni
1360 2089 1457 2117 esse
1489 2080 1711 2127 arinatos3
1758 2077 1836 2117 sed
1869 2088 1953 2116 nec
1983 2075 2048 2116 sic

398 2166 424 2193 a
457 2152 548 2192 fido
581 2152 717 2192 corde
750 2154 925 2204 poterat
957 2149 1106 2190 auelli.
1170 2149 1379 2202 Cumque
1411 2149 1576 2189 siluam
1610 2149 1810 2200 intraret,
1851 2148 2048 2189 occurrit

399 2225 438 2266 ei
481 2225 688 2276 Magnus,
735 2223 848 2263 falsa
896 2223 988 2263 oris
1035 2221 1276 2275 hylaritate
1323 2235 1428 2262 eum
1476 2223 1775 2275 amplexatus.
1840 2222 2048 2262 Kanutus

400 2297 606 2338 senciens
654 2295 850 2349 pectoris
891 2295 987 2336 eius
1028 2294 1253 2335 duriciam
1293 2294 1504 2349 quesiuit,
1552 2307 1633 2335 cur
1669 2298 1874 2335 armatus
1913 2297 2047 2345 esset3

398 2371 472 2410 ille
512 2369 762 2423 respondit,
809 2369 932 2422 quod
972 2368 1106 2409 vellet
1143 2368 1336 2408 domum
1375 2367 1616 2408 cuiusdam
1650 2367 1804 2408 rustici
1838 2366 2047 2421 spoliare.

488 2501 523 2536 2.
574 2499 803 2545 ingeborgh
852 2499 899 2543 S;
960 2497 1165 2544 ingborch
1212 2497 1257 2533 A.
1363 2497 1397 2533 3.
1444 2497 1656 2532 intimauit
1703 2497 1828 2540 DVA;
1888 2495 2052 2542 pfitauit

398 2557 453 2605 (oz
487 2554 761 2604 presentauit)
788 2556 827 2591 S.
889 2556 923 2591 5.
949 2555 1231 2591 communiter
1254 2553 1487 2601 LanyebeR,
1519 2555 1696 2590 comiter
1721 2554 1846 2599 DVA3
1877 2553 2051 2589 comites

402 2615 441 2656 S,
473 2615 540 2650 scd
571 2614 648 2650 hoc
679 2613 752 2649 del.
786 2624 896 2649 man.
931 2623 1004 2648 ree.
1082 2612 1243 2658 primus
1268 2612 1312 2648 V.
1376 2614 1409 2649 6.
1445 2613 1563 2648 natat
1593 2612 1632 2660 (i.
1660 2622 1688 2647 e.
1723 2608 1888 2659 natalis)
1918 2610 2049 2656 codd.;

403 2672 612 2708 natalibus
651 2669 877 2717 Langyebek.
969 2670 1077 2705 7---8.
1118 2669 1360 2705 aduenisset
1397 2671 1447 2717 as]
1490 2666 1723 2717 kanutus(!)
1769 2668 1821 2704 ad
1859 2679 1896 2714 q.
1936 2679 1965 2704 s.
2004 2668 2049 2705 V.

402 2732 437 2766 8.
470 2730 631 2775 iuitque
648 2729 703 2773 V;
734 2728 857 2763 iniuit
881 2728 925 2763 A.
990 2728 1050 2763 10.
1084 2727 1125 2762 in
1151 2737 1229 2763 om.
1253 2727 1297 2762 V.
1374 2726 1619 2763 haralstadh
1646 2727 1696 2771 A3
1728 2725 1982 2761 harelstaedh
2009 2724 2048 2761 S.

407 2799 465 2834 13.
505 2797 736 2834 occurisset
767 2796 845 2832 VS.
938 2797 1000 2832 18.
1039 2806 1127 2832 rem
1168 2795 1318 2831 addidi.
1409 2796 1474 2833 21.
1507 2788 1527 2843 ὲ
1557 2793 1595 2844 (i.
1629 2805 1657 2831 e.
1689 2792 1766 2843 gri)
1797 2793 1924 2829 milda
1959 2793 2049 2838 DV;

402 2846 554 2909 ἰςίγφῑ
587 2852 728 2902 igitur)
752 2853 879 2889 milda
907 2853 954 2898 S,
986 2852 1114 2888 milda
1139 2851 1208 2897 Al,
1244 2850 1433 2901 nulda(!)‚
1466 2854 1508 2888 ut
1533 2852 1622 2898 oid„
1655 2849 1719 2888 ΑΞ.
1795 2851 1971 2897 perfidia
1997 2851 2049 2896 A,

402 2913 565 2960 picidia,
612 2923 712 2948 corr.
751 2922 800 2947 ex
834 2908 1028 2959 pisidiaO)
1060 2910 1098 2946 S.
1189 2909 1325 2946 fuerat
1355 2910 1432 2946 AS.
1522 2919 1617 2955 erga
1657 2920 1757 2945 corr.
1789 2918 1838 2944 ex
1874 2917 1972 2954 ergo
2004 2908 2047 2943 A.

403 2971 466 3005 22.
501 2974 541 3005 vt
571 2969 668 3017 (pro
697 2966 752 3016 at)
784 2968 823 3005 S.
888 2969 951 3004 23.
986 2967 1042 3003 nil
1067 2968 1112 3003 V.
1174 2967 1236 3003 25.
1269 2967 1530 3013 cognisceret
1553 2967 1599 3003 V.
1676 2966 1741 3002 Sic
1771 2964 1867 3014 (pro
1890 2962 1979 3013 sed)
2003 2965 2047 3001 D.

403 3029 467 3062 20.
503 3039 522 3062 a
557 3027 637 3062 fide
671 3026 810 3062 cordis
844 3026 887 3061 A.
965 3024 1152 3060 occurrit
1183 3035 1261 3060 om.
1297 3024 1335 3061 S.
1398 3025 1460 3061 27.
1493 3024 1704 3060 hilaritate
1735 3023 1779 3059 V.
1842 3022 1904 3059 28.
1937 3021 2047 3058 duri—

403 3085 506 3120 ciem
541 3086 584 3120 A.
