2150 3584
367 213 544 241 INCERTI
580 212 798 240 AUCTORIS
830 211 1113 239 (ii-memnoni
1150 212 1299 239 κκουΜ
1336 211 1469 238 immi-3
1656 201 1734 238 193

180 327 386 368 Predicto
433 337 537 378 ergo
580 325 705 377 Abel,
754 336 853 376 rege
904 325 1153 373 Danorum,
1201 325 1309 364 satis
1357 329 1537 365 strenue
1584 325 1734 378 quoad

93 400 296 441 seculum
331 402 522 451 regente,
554 398 738 438 tandem
772 397 888 437 infra
924 397 1093 437 biennii
1127 410 1151 437 3
1180 401 1312 438 nacto
1339 397 1529 449 imperio
1558 401 1737 450 tempus

96 471 323 526 profectus
353 471 399 511 in
421 470 721 521 Jutlandiam,
755 473 799 509 vt
831 469 1019 509 rebelles
1052 469 1305 520 corrigeret,
1340 469 1507 510 ibidem
1542 482 1564 509 a
1588 469 1736 509 Fresis

93 543 354 585 interfectus
393 547 472 595 est,
520 542 680 583 bibens
718 545 759 582 et
799 541 895 594 ipse
934 554 1144 581 amarum
1184 542 1388 593 calicem,
1435 555 1569 594 quem
1615 542 1738 593 prius

92 615 215 656 fratri
249 615 586 668 propinauerat.
650 614 778 654 Vnde
814 626 839 653 a
873 613 967 653 suis
999 613 1055 653 ad
1090 613 1278 654 Sleswik
1314 614 1559 654 translatus
1592 615 1737 666 sepul·
1766 631 1772 648 a

93 692 163 728 tus
191 693 256 729 est
289 673 367 742 (et)
401 687 497 740 ipse
521 687 565 726 in
596 686 783 726 ecclesia
811 685 954 726 sancti
975 686 1106 735 Petri,
1140 686 1212 726 vbi
1241 686 1422 725 fratrem
1451 699 1583 725 suum
1615 687 1738 738 prius

94 761 321 814 sepultum
355 757 838 800 commemorauimus.

179 832 262 874 Cui
294 831 512 872 successit
544 831 729 872 vltimus
763 830 967 881 fratrum,
1000 843 1115 884 quos
1150 843 1285 883 supra
1320 830 1571 877 retulimus,
1617 845 1661 871 re
1697 836 1735 871 et

94 904 278 945 nomine
326 903 731 954 Christoserm,
791 903 848 943 ad
904 902 1104 943 nominis
1159 903 1226 942 sui
1286 902 1446 954 iugiter
1501 904 1738 943 attendens

93 976 428 1030 etymologiam.
492 975 773 1017 Christ-offer
814 975 933 1015 enim
966 975 1147 1016 ‘Christi
1181 975 1361 1015 oblatio¹
1405 976 1734 1028 interpretatur.

95 1049 349 1090 Patrissans
403 1048 628 1102 siquidem
681 1048 821 1101 patris
868 1047 1041 1088 studuit
1087 1059 1224 1100 opera
1273 1046 1461 1087 feliciter
1507 1060 1735 1088 exercere:

95 1121 268 1174 patiens
299 1120 356 1161 ad
391 1120 582 1161 iniurias
613 1132 697 1160 nee
728 1120 977 1161 earundem
1012 1132 1317 1173 preproperus
1351 1119 1625 1167 vendicator,
1659 1122 1734 1161 sed

93 1197 245 1234 tamen
278 1205 371 1234 non
404 1192 660 1233 obliuiosus
692 1192 914 1241 indultor;
952 1191 1184 1244 religionis
1216 1191 1453 1243 religiosus
1486 1192 1651 1236 cultor:
1692 1193 1734 1232 in

93 1266 212 1306 bello
259 1265 389 1306 miles
436 1269 647 1306 strenuus
689 1269 730 1305 et
768 1264 1027 1315 animosus3
1075 1263 1350 1317 elemosynis
1398 1263 1469 1316 pie
1515 1264 1737 1313 intentus3

93 1338 296 1379 castitate
342 1351 366 1378 a
414 1338 628 1378 fratribus
669 1336 920 1390 plurimum
960 1337 1246 1389 discrepans,
1294 1337 1495 1389 prudens
1535 1338 1735 1391 eloquio:

95 1410 300 1451 moribus
360 1414 572 1464 comptus
632 1414 674 1451 et
734 1409 859 1450 omni
921 1409 1140 1451 virtutum
1204 1409 1439 1449 honestate
1493 1410 1736 1462 preclarus,

94 1487 294 1536 excepto,
342 1484 465 1537 quod
512 1494 718 1536 pugnum
767 1486 1050 1522 contractum
1099 1494 1202 1522 raro
1251 1481 1394 1522 voluit
1440 1481 1485 1521 in
1535 1482 1734 1535 palmam

94 1556 378 1596 extendendo
412 1555 651 1608 porrigere.
706 1555 803 1604 Hic,
836 1559 882 1595 vt
913 1554 1166 1608 predictum
1201 1558 1279 1603 est,
1312 1553 1531 1594 castitatis
1563 1555 1737 1607 pudore

93 1628 357 1679 adornatus,
403 1640 486 1668 nec
526 1627 668 1668 nobili
708 1627 844 1668 alicui
892 1639 975 1667 nec
1013 1625 1201 1678 ignobili
1241 1627 1380 1666 decus
1424 1626 1627 1679 corporis
1668 1627 1735 1667 sui

94 1701 268 1740 tradere
294 1700 436 1742 voluit
461 1700 775 1753 polluendum,
808 1700 955 1740 donec
978 1698 1170 1739 consilio
1195 1697 1385 1738 fratrum
1415 1703 1454 1738 et
1481 1698 1734 1739 amicorum

96 1772 235 1813 filiam
285 1773 503 1825 Zambor,
566 1771 839 1812 nobilissimi
888 1771 1158 1812 Sclauorum
1217 1770 1437 1823 principis
1494 1775 1534 1811 et
1588 1771 1736 1812 fratris

96 1845 398 1898 Zuantepolk‚
445 1845 561 1897 regis
610 1845 993 1895 Pomeranorum,
1043 1844 1342 1895 Margaretam
1391 1843 1596 1891 nomine,
1650 1844 1735 1884 sibi

95 1920 346 1957 assumeret
377 1918 422 1957 in
456 1916 815 1957 matrimonium.
879 1916 982 1968 Qui,
1023 1920 1068 1957 vt
1100 1915 1353 1969 predictum
1388 1920 1465 1963 est,
1507 1916 1552 1955 in
1585 1928 1734 1968 regem

95 1989 329 2030 communi
369 1990 577 2030 omnium
618 2001 845 2030 consensu
886 1988 931 2028 in
969 1988 1133 2042 placito
1166 1988 1481 2040 Wigbergensi
1516 1989 1594 2028 rite
1628 1990 1736 2029 elec-

95 2065 179 2114 tus,
226 2075 250 2102 a
291 2061 434 2102 nobili
465 2062 627 2102 Vffone
666 2061 1013 2114 archiepiscopo
1048 2059 1222 2100 Lundis
1266 2060 1309 2100 in
1355 2061 1543 2101 ecclesia
1576 2065 1735 2102 metro-

96 2133 296 2186 politana
330 2134 643 2187 sollempniter
675 2133 719 2173 in
753 2144 903 2185 regem
935 2136 1228 2173 consecratur
1257 2145 1360 2173 cum
1389 2133 1561 2185 eadem,
1595 2146 1733 2187 quam

95 2205 309 2258 diximus,
357 2207 622 2259 Margareta‚
670 2205 813 2246 nobili
853 2205 1044 2257 coniuge
1087 2218 1182 2255 sua,
1229 2209 1286 2256 vt,
1334 2205 1449 2245 sicut
1482 2206 1608 2258 prius
1640 2192 1735 2259 <iis>

93 2291 209 2318 vnus
249 2278 452 2319 extiterat
492 2279 652 2319 thorus
694 2282 735 2318 et
774 2278 1019 2329 thalamus,
1067 2278 1130 2317 sic
1173 2278 1467 2330 postmodum
1503 2278 1734 2330 potestatis

94 2354 135 2390 et
165 2350 288 2402 regni
321 2351 468 2390 honor
501 2354 617 2391 esset
646 2351 766 2391 idem
801 2355 842 2391 et
875 2363 1002 2391 vnus.
1064 2349 1232 2400 Quales
1264 2349 1302 2389 is
1334 2349 1469 2389 etiam
1503 2349 1734 2402 pertulerit

93 2423 150 2462 ab
192 2423 355 2463 emulis
397 2423 492 2462 suis
533 2436 579 2463 se
622 2423 848 2463 inuidiose
895 2421 1154 2462 odientibus
1202 2421 1472 2461 iniuriarum
1521 2422 1734 2462 contrari-

94 2498 245 2547 etates,
291 2498 425 2535 testes
472 2499 590 2545 sunt,
637 2495 714 2548 qui
761 2507 864 2535 cum
908 2494 985 2534 illo
1033 2493 1141 2533 belli
1178 2494 1378 2546 pericula
1420 2494 1734 2534 sustinuerunt

94 2567 303 2620 plurima.
352 2567 467 2607 Cum
501 2580 607 2607 vero
639 2567 874 2620 aliquanto
906 2570 1109 2619 tempore
1137 2569 1379 2617 regnasset,
1413 2570 1453 2605 et
1478 2566 1730 2618 predictum

94 2650 282 2691 regnum
315 2639 361 2679 in
394 2651 504 2692 pace
537 2639 622 2679 sibi
662 2643 778 2679 esset
815 2638 1086 2689 subiectum,
1133 2637 1279 2677 filium
1319 2651 1469 2689 suum,
1516 2650 1652 2691 quem
1694 2638 1731 2678 ei

94 2710 139 2750 in
173 2711 394 2751 Lalandia
433 2715 536 2752 ante
578 2722 766 2763 regnum
809 2710 1082 2764 acquisitum
1126 2709 1324 2762 predicta
1366 2709 1533 2750 nobilis
1566 2709 1733 2749 coniux

1767 989 1805 1017 1«)

1767 1348 1805 1377 15

1763 1712 1804 1741 20

1761 2435 1802 2462 30

96 2795 175 2822 sua
214 2783 381 2835 genuit,
427 2794 577 2835 regem
619 2796 722 2823 curn
764 2782 999 2823 communi
1038 2794 1264 2822 consensu
1297 2781 1505 2821 omnium
1540 2782 1731 2822 heroum
1759 2797 1799 2827 35

180 2937 214 2973 6.
264 2940 302 2973 et
347 2937 498 2974 addidi.
599 2939 633 2974 9.
681 2937 969 2973 Christoforus
1017 2938 1055 2973 S.
1160 2938 1219 2972 18.
1266 2937 1526 2972 extendendo
1573 2937 1731 2981 sc1·ips1';

97 2993 355 3030 ostendendo
402 2995 440 3031 S.
539 2995 600 3031 19.
650 3005 725 3030 nec
772 2994 901 3029 nobili
950 3005 1025 3029 nec
1072 2994 1195 3029 alicui
1243 2993 1281 3030 S.
1373 2994 1435 3029 27.
1483 2994 1531 3028 iis
1578 2993 1728 3029 addidi.

99 3049 160 3086 31.
193 3050 289 3086 belli
324 3051 554 3097 Lanyebelc3
594 3051 704 3088 bello
737 3051 775 3088 S.

165 3143 265 3171 Script.
287 3142 350 3165 hist.
373 3143 442 3166 Dan.
464 3144 596 3166 minoi-es.
1488 3130 1526 3159 13
