2150 3584
327 1019 368 1050 10

327 1382 365 1412 15

324 1746 367 1776 20

324 2108 365 2139 25

393 237 477 276 320
735 246 1010 275 SCRIPTORES
1045 245 1269 274 fflsromAE
1302 245 1477 273 DAN1CAE
1509 244 1708 273 MINORES

394 363 501 402 dare
548 360 739 400 volebat.
833 360 1067 400 Profectus
1121 359 1256 411 igitur
1310 371 1416 399 cum
1468 358 1612 398 classe
1658 358 1705 398 in
1753 358 2040 410 Norwegiam

394 439 607 485 exceptus
656 436 721 472 est
766 432 1067 472 amicabiliter
1113 432 1171 471 ab
1218 432 1427 483 Oddone,
1475 431 1629 483 regulo
1677 431 1857 480 Iathire,
1905 430 2041 471 socie-

393 510 622 558 tatemque
679 517 835 544 secum
890 504 993 544 fecit
1046 508 1203 544 contra
1253 503 1526 555 Ringonem‚
1588 503 1665 556 qui
1722 507 1832 544 tunc
1876 503 2042 543 absens

396 577 677 630 Hyberniam
712 576 966 617 infestabat.
1031 577 1146 617 Cum
1190 575 1436 629 peculiaria
1472 575 1691 628 Ringonis
1731 576 1851 616 bona
1884 575 2042 628 rapine

395 650 703 699 tradidissent,
750 661 852 689 ecce
886 649 1030 700 Ringo
1063 648 1350 702 superuenit;
1398 661 1501 688 cum
1536 661 1627 701 quo
1660 647 1907 689 ssmundus
1939 661 2042 688 con-

394 734 574 774 gressus
613 722 744 762 letale
788 722 826 761 ei
870 722 1037 762 vulnus
1079 720 1254 761 inflixit.
1318 721 1466 771 Quem
1500 720 1645 772 Ringo
1677 719 1865 760 eleuatis
1896 720 2042 761 oculis

395 794 641 848 inspiciens
683 795 903 842 obsecrat,
952 797 996 834 vt
1036 793 1177 834 filiam
1226 806 1355 834 suam
1395 792 1584 846 recipiat
1624 792 1670 833 in
1703 805 1912 842 vxorem3
1959 793 2043 833 hec

394 868 550 908 dicens
586 867 725 907 vitam
760 866 921 907 finiuit.
987 866 1060 907 Sic
1091 866 1338 907 ssmundus
1370 866 1559 906 alteram
1594 864 1791 905 filiarum
1827 864 1924 905 eius
1956 865 2041 905 sibi

394 940 657 993 assumpsit,
704 940 892 980 alteram
928 939 1130 980 Omotho
1173 939 1228 978 de
1261 938 1424 979 Scania
1457 950 1643 978 onrem
1675 937 1810 978 dedit.
1877 932 2040 978 Eodem

394 1017 599 1066 tempore
639 1012 791 1063 Rusla,
839 1012 964 1063 virgo
1006 1011 1051 1051 in
1094 1010 1234 1051 armis
1275 1010 1606 1061 strenuissima,
1652 1023 1757 1050 cum
1792 1010 1927 1051 fratre
1958 1023 2042 1051 suo

394 1085 675 1126 Throndone
718 1088 901 1137 propter
940 1095 1130 1135 regnum
1165 1083 1400 1136 Norwegie
1441 1083 1698 1136 frequenter
1737 1082 1856 1123 bella
1887 1081 2040 1134 gessit3

393 1172 481 1212 que
515 1169 615 1210 egre
647 1157 809 1210 ferens,
850 1157 973 1210 quod
1007 1156 1254 1197 ssmundus
1286 1155 1459 1209 aliquid
1492 1155 1680 1196 haberet
1711 1154 1758 1195 in
1790 1154 2042 1206 Norwegia,

392 1231 439 1271 in
481 1243 656 1282 omnes,
704 1229 781 1283 qui
824 1229 862 1269 ei
903 1229 1133 1281 suberant,
1182 1229 1352 1269 bellum
1395 1227 1551 1268 mouit.
1615 1228 1750 1278 Quod
1795 1226 2043 1268 ssmundus

393 1303 584 1344 audiens
617 1303 796 1356 aliquos
830 1306 985 1343 contra
1020 1315 1120 1342 eam
1154 1301 1298 1351 misit3
1331 1301 1500 1355 quibus
1532 1300 1663 1341 victis
1689 1300 1826 1341 Rusla
1860 1300 2043 1353 propter

393 1375 629 1416 victoriam
659 1375 703 1415 in
730 1374 993 1428 superbiam
1019 1375 1133 1415 elata
1162 1375 1219 1415 ad
1245 1377 1391 1414 totum
1415 1384 1606 1425 regnum
1626 1371 1772 1413 Danie
1796 1372 2040 1425 aspirabat.

395 1448 549 1488 Primo
581 1448 716 1500 igitur
749 1448 794 1487 in
822 1447 1116 1487 Hallandiam
1150 1446 1337 1487 veniens
1369 1446 1426 1486 ab
1453 1445 1657 1487 Omotho
1691 1448 1732 1486 et
1763 1445 1860 1485 eius
1893 1445 2042 1495 fratre,

393 1534 472 1574 per
511 1532 660 1572 regem
704 1523 861 1575 contra
901 1532 1000 1560 eam
1043 1519 1209 1570 missis,
1257 1519 1373 1559 victa
1419 1523 1461 1559 et
1499 1518 1651 1570 fugata
1694 1521 1773 1570 est,
1819 1517 1879 1558 ita
1919 1518 2042 1571 quod

393 1607 499 1634 cum
532 1593 640 1634 solis
674 1594 753 1633 .30.
788 1592 986 1633 nauibus
1019 1592 1187 1645 effugit,
1229 1591 1388 1632 ceteris
1430 1604 1508 1644 per
1542 1591 1698 1631 Danos
1739 1590 1896 1644 captis.
1960 1589 2043 1631 Cui

393 1667 439 1706 in
496 1665 783 1717 Norwegiam
839 1664 1027 1717 fugienti
1074 1665 1316 1716 Throndo,
1378 1664 1514 1704 frater
1569 1676 1700 1715 suus,
1762 1676 1868 1703 cum
1923 1662 2043 1703 bello

393 1738 608 1787 occurrit,
670 1738 747 1778 sed
804 1737 861 1778 ab
915 1750 964 1777 ea
1020 1737 1167 1778 victus
1221 1741 1262 1778 et
1308 1740 1402 1777 toto
1450 1736 1649 1777 exercitu
1696 1735 1918 1789 spoliatus
1964 1748 2043 1788 per

394 1811 656 1851 Dowerfiall
697 1811 822 1851 solus
856 1810 1021 1862 effugit.
1084 1811 1220 1861 Quod
1253 1809 1446 1850 audiens
1480 1809 1728 1850 omundus
1759 1820 1866 1848 cum
1898 1807 2043 1848 classe

391 1883 437 1923 in
473 1882 758 1935 Norwegiam
791 1882 887 1934 iuit,
934 1895 960 1922 a
1000 1882 1131 1923 cuius
1173 1882 1287 1923 facie
1321 1882 1458 1922 Rusla
1499 1881 1596 1921 sine
1629 1880 1748 1921 bello
1780 1879 1916 1932 fugit3
1964 1880 2042 1920 sed

392 1957 503 1997 dum
537 1957 693 1996 Dauos
726 1956 910 2008 fugeret,
943 1955 1178 2007 Throndo,
1211 1955 1347 1995 frater
1379 1967 1503 2006 suus,
1544 1953 1583 1994 ei
1615 1952 1813 1994 occurrit
1844 1965 2040 2006 eamque

393 2028 650 2069 trucidauit.
700 2029 765 2068 Ea
797 2031 1063 2081 tempestate
1081 2027 1276 2068 Thorias
1309 2031 1350 2067 et
1377 2028 1505 2077 Bero,
1539 2025 1872 2079 promptissimi
1907 2026 2043 2066 Rusle

394 2102 572 2154 milites,
605 2114 710 2142 cum
745 2104 939 2141 mortem
971 2099 1158 2141 domine
1191 2113 1271 2140 sue
1298 2099 1547 2150 audissent,
1581 2098 1853 2140 ssmundum
1879 2111 2043 2151 prouo-

479 2228 513 2262 2.
559 2227 712 2262 Iathrie
744 2225 862 2262 Saxo.
953 2226 987 2261 4.
1020 2225 1256 2261 hiberniam
1291 2225 1342 2268 V;
1388 2224 1607 2270 yberniam
1641 2224 1721 2260 DA.
1812 2223 2041 2270 peculiaria

392 2284 518 2329 Saxo,
560 2283 771 2330 pecularia
805 2283 916 2319 codd.
996 2283 1029 2319 5.
1063 2292 1334 2329 congressum
1368 2282 1423 2326 V;
1455 2293 1530 2328 per
1561 2290 1832 2327 congressum
1866 2280 1914 2326 S;
1947 2291 2043 2316 con-

392 2351 582 2387 gressum
629 2341 726 2377 fecit
764 2340 808 2376 A.
885 2341 919 2377 6.
960 2339 1096 2376 wlnus
1140 2340 1176 2375 ei
1217 2339 1257 2376 S.
1334 2339 1468 2375 infixit
1515 2340 1559 2375 D.
1637 2339 1671 2374 7.
1711 2349 1830 2374 suam
1877 2348 1954 2374 om.
2002 2337 2042 2373 S.

395 2399 502 2434 8—9.
535 2398 624 2434 eius
657 2398 837 2443 sumpsit
868 2397 906 2433 S.
970 2398 1005 2434 9.
1040 2397 1228 2434 omundo
1261 2396 1298 2432 h.
1333 2397 1355 2432 l.
1390 2397 1435 2439 D,
1467 2396 1637 2442 inferius
1669 2393 1884 2444 omot(h)o,
1917 2397 1960 2431 ut
1989 2395 2042 2440 V;

393 2456 547 2491 omodo
592 2455 628 2491 h.
671 2455 690 2491 I.
730 2456 763 2490 V
807 2454 1032 2503 (odmodus
1081 2454 1141 2490 vel
1184 2454 1426 2490 odmundus
1474 2453 1514 2496 S,
1560 2453 1740 2489 omodus
1785 2463 1946 2499 semper
1987 2452 2041 2496 A3

396 2513 633 2549 Homothus
678 2510 812 2560 Saxo).
924 2513 1080 2548 Eodem
1128 2512 1254 2557 Saxo,
1313 2512 1372 2547 Eo
1419 2511 1531 2547 codd.
1650 2511 1711 2546 10.
1758 2513 1913 2546 strenn.
1959 2509 2041 2545 VA.

399 2572 457 2606 11.
499 2570 736 2606 throndane
777 2570 868 2613 DV,
929 2569 1138 2605 trondone
1180 2569 1227 2613 S;
1287 2568 1528 2604 throndano
1567 2568 1598 2603 A
1644 2566 1863 2615 (Throndo
1907 2564 2041 2614 Saxo).

400 2628 457 2663 12.
497 2628 671 2663 haberet
710 2638 787 2663 om.
822 2627 861 2663 S.
957 2627 1018 2663 13.
1063 2630 1101 2662 et
1141 2626 1181 2661 in
1222 2637 1368 2662 omnes
1409 2626 1481 2672 qui
1522 2625 1580 2661 eis
1621 2636 1649 2661 s.
1691 2624 1730 2660 S.
1821 2623 1926 2660 bella
1961 2623 2038 2660 AS.

398 2686 458 2719 14.
490 2685 655 2731 aliquos
679 2695 756 2720 om.
782 2684 845 2720 AS
876 2682 1234 2731 (promptissimos
1257 2681 1391 2730 Samo).
1469 2685 1615 2718 contra
1640 2679 1786 2730 eum(!)
1817 2681 2040 2717 bellatores

395 2742 505 2777 misit
537 2742 576 2778 S.
645 2743 703 2777 15.
737 2745 774 2777 et
807 2741 1049 2787 superbiam
1083 2742 1127 2776 V.
1202 2744 1262 2776 est
1295 2741 1400 2776 elata
1435 2740 1473 2776 S.
1549 2739 1589 2775 in
1624 2742 1756 2775 totum
1792 2739 1835 2774 D.
1911 2738 2039 2784 asspi—

394 2799 512 2834 rabat
545 2799 595 2842 V3
637 2798 908 2845 conspirabat
941 2798 1016 2833 AS.
1083 2799 1142 2834 16.
1176 2797 1415 2833 halandiam
1450 2798 1489 2833 S.
1565 2797 1618 2832 ad
1649 2797 1738 2832 eius
1771 2796 1898 2832 fratre
1931 2795 1971 2831 in
2006 2796 2039 2831 D

395 2867 503 2891 man.
536 2856 733 2892 recentior
763 2856 804 2892 in
840 2866 968 2901 mury.
1003 2856 1094 2891 add.
1127 2855 1273 2899 Thola,
1310 2855 1413 2890 sicul
1443 2854 1554 2900 apud
1584 2852 1785 2889 Saxonem
1818 2852 1885 2889 hic
1912 2853 2043 2898 frater

395 2915 578 2957 vocatur,
624 2913 713 2948 eius
753 2923 830 2948 om.
871 2913 909 2948 S.
1004 2913 1064 2949 17.
1106 2912 1244 2948 missis
1277 2923 1352 2958 per
1383 2920 1464 2958 reg.
1500 2914 1644 2947 contra
1679 2921 1769 2946 eam
1803 2909 1842 2945 S.
1931 2909 2037 2946 victa

394 2970 569 3015 effugata
624 2973 684 3005 est
732 2971 775 3006 D.
881 2970 945 3005 21.
997 2969 1231 3006 Dowerfiael
1279 2970 1330 3011 νς
1392 2968 1564 3004 dorefiel
1611 2967 1658 3012 S;
1719 2967 1947 3004 dowaerrial
1994 2967 2036 3002 A.

396 3027 560 3062 24---25.
596 3027 719 3062 Rusio
754 3027 994 3073 probissimi
1030 3027 1180 3062 milites
1213 3027 1252 3062 S.
1314 3027 1377 3062 25.
1411 3025 1702 3072 prouocabant
1733 3024 1776 3060 A.
