2150 3584
652 208 912 237 CHRONICON
947 207 1256 236 izosmimENsr:
1722 195 1774 233 33

132 323 248 364 Dani
281 327 323 363 et
355 323 453 376 paci
487 323 777 363 consulentes
809 322 1040 373 elegerunt
1071 322 1188 360 duos
1221 331 1360 371 regeS,
1410 321 1657 369 Kanutum,
1700 319 1777 371 qui

130 397 256 449 prius
313 395 458 435 fuerat
505 395 673 435 electus
719 407 743 434 a
794 393 1075 443 lutensibus‚
1135 397 1175 432 et
1222 393 1570 444 Vafflemarum,
1635 391 1777 431 lilium

130 468 273 509 sancti
302 468 468 508 Kanuti
502 468 632 507 ducis
665 470 707 507 et
732 466 957 519 martyris.
1007 465 1155 506 Sveno
1190 477 1298 505 uero
1331 464 1548 517 expulsus
1582 477 1603 502 a
1635 463 1779 503 Dania

130 540 240 593 sugit
282 540 326 580 in
369 540 615 580 Saxoniam
660 540 716 579 ad
757 551 966 579 socerum
1013 550 1165 588 suum,
1211 538 1374 577 ducem
1419 536 1628 586 Saxonie,
1676 548 1779 575 cum

128 626 219 666 quo
252 612 342 653 fere
372 612 518 652 tribus
543 612 677 652 annis
704 611 887 662 mansit,
920 623 944 650 a
970 622 1109 661 regno
1133 613 1349 650 remotus.
1399 609 1560 648 Tercio
1593 609 1779 648 demum

132 698 251 726 anno
297 685 381 725 sub
422 684 571 738 specie
613 684 737 737 pacis
778 685 834 724 ad
883 683 1077 736 patriam
1126 682 1361 722 remeauit.
1425 682 1556 721 Tunc
1596 681 1779 733 quidem

129 757 292 809 Sveno,
326 758 536 797 Kanutus
569 761 609 797 et
642 757 980 808 Waldemarus,
1020 754 1371 796 fideiussoribus
1404 753 1697 806 interpositis,
1737 753 1781 792 in

131 843 274 870 unum
314 833 645 881 conuenerunt,
692 833 734 870 et
776 829 1054 882 prudentum
1103 827 1296 867 consilio
1345 826 1444 880 paci
1492 826 1783 866 consulentes

128 901 408 942 sedicionem
455 902 580 954 regni
629 902 786 942 sedare
834 901 1111 952 satagebant.
1204 899 1303 940 Tali
1359 910 1463 951 ergo
1511 897 1783 939 condicione

128 974 481 1015 confederantur
527 974 729 1026 cognati,
787 978 834 1014 ut
888 973 1086 1026 regionis
1141 972 1288 1012 diuise
1335 971 1550 1025 quislibet
1597 970 1780 1009 illorum

127 1047 315 1087 terciam
348 1050 522 1100 partem
556 1046 697 1087 libere
729 1046 995 1099 possideret.
1059 1045 1115 1085 Et
1153 1045 1269 1085 sacta
1315 1048 1421 1084 sunt
1452 1044 1584 1084 sedus
1625 1043 1779 1082 lictum

129 1124 170 1160 et
202 1132 290 1172 pax
322 1119 449 1160 falsa.
501 1118 896 1160 Conuenientibus
928 1118 1051 1158 enim
1083 1117 1173 1157 illis
1208 1117 1467 1158 Roschildis
1502 1117 1710 1156 Kanutus
1743 1118 1783 1153 et

130 1191 473 1244 Constantinus,
515 1194 737 1243 cognatus
768 1191 879 1239 eius,
922 1203 947 1230 a
980 1190 1188 1231 Svenone
1222 1189 1431 1243 nequiter
1463 1192 1685 1229 necantur
1720 1187 1781 1227 N.

130 1265 237 1305 Idus
291 1264 503 1315 Augusti3
564 1263 867 1304 Valdemarus
922 1276 1031 1303 uero
1086 1263 1283 1314 grauiter
1335 1261 1568 1302 sauciatus
1625 1259 1782 1300 euasit.

129 1337 219 1387 Qui
250 1336 428 1388 fugiens
460 1337 506 1376 in
541 1336 714 1376 luciam
748 1336 970 1376 auxilium
1007 1335 1261 1376 Iutensium
1295 1335 1441 1388 pecijt.
1504 1335 1612 1374 Post
1644 1346 1781 1386 quem

129 1409 320 1450 ueniens
354 1410 501 1450 Sveno
535 1413 576 1449 et
608 1409 654 1448 in
688 1409 970 1449 Gratheheth
1001 1421 1107 1449 cum
1141 1421 1193 1448 eo
1226 1407 1469 1459 dimicans,
1503 1411 1639 1460 prout
1670 1408 1783 1446 deus

129 1482 296 1534 uoluit,
355 1481 596 1522 infeliciter
642 1482 876 1534 occubuit,
938 1481 1129 1533 dignum
1186 1480 1461 1520 insidiarum
1508 1483 1783 1520 consecutus

127 1554 280 1594 finem.
345 1554 486 1596 Cuius
525 1566 694 1607 corpus
732 1554 778 1594 in
822 1553 1012 1595 ecclesia
1051 1553 1209 1593 uillule
1245 1557 1361 1594 terre
1404 1552 1782 1593 commendatum

129 1631 206 1667 est.
298 1627 406 1667 Post
451 1628 536 1667 hec
581 1627 808 1679 gloriosus
854 1627 1178 1677 Valdemarus,
1238 1626 1363 1666 filius
1421 1625 1565 1666 sancti
1615 1625 1782 1664 Kanuti

129 1699 259 1740 ducis
289 1704 331 1739 et
361 1699 589 1752 martyris,
622 1699 702 1753 filij
732 1699 883 1740 Herici
907 1699 1023 1750 regis
1050 1698 1181 1747 Boni,
1213 1711 1238 1738 a
1271 1698 1448 1739 cunctis
1481 1697 1783 1751 optimatibus

130 1772 275 1813 Danie
307 1772 353 1812 iu
386 1783 578 1824 regnum
611 1776 878 1825 assumptus
909 1775 1046 1825 atque
1086 1771 1143 1811 ab
1177 1771 1352 1811 Eskillo
1394 1770 1706 1823 archipresule
1736 1770 1781 1809 in

128 1856 279 1897 regem
322 1848 488 1885 unctus
526 1848 568 1885 et
608 1848 890 1898 purpuratus
928 1848 969 1885 et
1000 1844 1260 1884 diademate
1292 1842 1622 1895 gloriosissime
1655 1855 1780 1882 coro-

130 1921 265 1957 natus
317 1920 453 1970 atque
509 1917 555 1957 in
608 1917 731 1969 regni
786 1917 901 1958 solio
948 1916 1204 1957 honorifice
1250 1916 1501 1956 collocatus
1549 1919 1614 1954 est
1660 1928 1782 1955 anno

129 1989 359 2029 dominice
404 1989 745 2030 incarnacionis
793 1989 1060 2030 .M.C.LVII.
1150 1989 1241 2038 Qui
1294 2000 1485 2041 reguum
1543 1988 1781 2027 Danorum

131 2061 291 2113 uiginti
338 2074 415 2101 sex
460 2062 594 2102 annis
642 2062 856 2103 nobiliter
901 2061 1026 2102 rexit.
1104 2061 1222 2101 Nam
1271 2072 1474 2114 paganos
1521 2060 1576 2100 ad
1627 2060 1780 2106 fidem,

130 2133 287 2174 fideles
318 2134 376 2174 ad
408 2147 583 2187 pacem,
616 2134 834 2188 pacificos
866 2135 923 2174 ad
956 2133 1246 2174 securitatem
1281 2133 1574 2186 prouocauit;
1622 2132 1779 2172 odium

129 2206 176 2245 in
222 2206 535 2258 dilectionem,
582 2208 790 2247 dolorem
836 2207 880 2247 in
929 2205 1171 2258 gaudium,
1219 2205 1390 2245 bellum
1438 2206 1484 2245 in
1534 2217 1692 2257 pacem
1741 2210 1782 2244 et

131 2283 374 2330 egestatem
407 2279 633 2319 conuertit
664 2279 710 2319 in
744 2279 1053 2332 opulenciam.

217 2351 299 2392 Cui
332 2351 550 2392 successit
581 2351 704 2392 filius
737 2364 848 2392 suus
868 2352 1091 2402 Kauutus‚
1124 2354 1167 2390 et
1191 2353 1294 2403 post
1317 2363 1421 2390 eum
1442 2350 1782 2397 Waldemarus,

131 2422 267 2463 frater
294 2423 405 2475 eius,
437 2422 483 2462 in
516 2434 707 2474 regnum
741 2423 922 2463 leuatus
954 2407 1047 2484 esti,

216 2551 251 2587 2.
298 2552 433 2597 prius:
495 2552 536 2587 in
583 2551 658 2587 hoc
705 2551 822 2587 verbo
868 2551 1015 2587 desinit
1061 2550 1110 2594 K;
1172 2551 1326 2597 reliqua
1373 2562 1475 2593 ιιιιο,
1525 2554 1566 2587 ut
1614 2551 1779 2590 videtur.

129 2607 228 2653 folio
266 2608 415 2644 amisso
457 2609 703 2646 interierunt.
796 2609 859 2644 10.
891 2608 1237 2644 confoederantur
1269 2608 1308 2644 S.
1401 2610 1463 2644 12.
1497 2609 1709 2644 Roskildis
1742 2608 1780 2644 S.

134 2666 195 2701 16.
228 2665 454 2702 Grateheth
489 2666 516 2702 S
605 2667 710 2703 deus
741 2666 798 2711 03
840 2666 1045 2701 Dominus
1078 2667 1117 2702 S.
1193 2666 1257 2702 21.
1293 2666 1479 2701 Eschillo
1513 2665 1560 2702 Ο.

204 3141 304 3169 Script.
330 3142 393 3164 liist.
418 3142 486 3164 Dan.
511 3142 634 3164 ininoies

1812 976 1851 1005 10

1811 1340 1851 1369 15

1809 1702 1851 1732 20

1808 2065 1850 2095 25

1808 2427 1849 2456 30
