2150 3584
38 1103 77 1135 10

37 1464 77 1496 15

36 1825 78 1856 20

39 2185 79 2217 25

429 229 646 258 SVENONlS
678 230 868 258 AGGONIS
903 229 1004 257 Fth
1039 229 1121 256 LEX
1154 227 1421 256 CASTnENStS
1689 215 1740 254 8]

903 342 941 402 S

104 462 182 490 sue
213 448 518 501 corruptionis
550 449 820 490 infunderet.
881 450 996 489 Nam
1030 448 1138 499 legis
1170 447 1393 496 conditor,
1427 460 1500 486 rex
1536 447 1746 486 uidelicet

106 522 325 569 Kanutus,
372 521 482 561 dum
523 522 675 562 adhuc
715 521 759 561 in
794 521 952 574 Anglia
996 520 1120 574 pacis
1153 519 1478 571 tranquillitate
1513 519 1745 571 potiretur,

104 593 335 634 iracundie
374 605 593 634 accensus
634 593 785 634 furore
832 594 1062 647 quendam
1114 591 1302 631 militem
1353 604 1485 630 suum
1536 595 1744 643 exempto

104 678 320 706 mucrone
378 665 700 718 interemptum
757 665 993 718 iugulauit.
1089 663 1215 704 Unde
1269 663 1467 716 phalanx
1530 663 1743 702 uniuersa

103 737 245 777 nimio
278 737 428 777 furore
461 741 762 789 consternata,
797 736 1135 778 confluentibus
1169 735 1337 789 passim
1374 734 1642 786 legionibus,
1687 735 1742 774 ad

103 821 229 849 arma
269 821 539 849 concurrere
580 822 670 850 non
713 809 1003 850 detrectabat.
1067 809 1233 849 Verum
1278 820 1381 847 cum
1422 806 1536 858 regis
1580 819 1745 846 manus

103 882 222 921 hanc
253 881 408 922 cedem
443 881 727 922 commisisse
760 881 970 933 innotuit,
1003 881 1192 921 collecto
1225 884 1337 925 cetu,
1372 878 1592 932 quidnam
1628 878 1744 918 facto

103 965 218 1006 opus
264 957 392 1002 esset,
440 953 631 993 sollicita
678 953 970 1006 indagatione
1016 952 1433 1006 perscrutabantur.
1508 951 1745 1002 Ambiguis

102 1025 270 1079 quippe
293 1025 662 1066 distrahebantur
685 1025 918 1066 sententiis
945 1024 1225 1078 ancipitique
1250 1023 1535 1063 fluctuabant
1560 1023 1744 1075 iudicio,

106 1100 255 1137 utrum
301 1097 359 1137 ob
400 1097 615 1138 facinoris
655 1097 905 1138 nouitatem
939 1097 1083 1150 capite
1116 1096 1328 1150 princeps
1360 1095 1642 1148 plecteretur,
1688 1108 1745 1135 an

103 1169 140 1209 ei
187 1173 462 1222 competeret
507 1169 802 1222 indulgentia.
866 1170 982 1210 Nam
1028 1169 1063 1209 si
1104 1170 1205 1209 date
1253 1167 1473 1208 sententie
1519 1180 1596 1207 rex
1643 1167 1746 1207 sub-

103 1241 296 1294 deretur,
327 1245 548 1295 tanquam
581 1242 788 1295 acephali
814 1246 855 1282 et
879 1242 1055 1295 profugi
1082 1254 1104 1282 e
1128 1241 1310 1293 regione
1336 1239 1745 1280 exterminarentur

103 1312 262 1354 aliena.
325 1314 402 1354 Sin
443 1318 595 1355 autem
634 1315 753 1366 regie
784 1314 1094 1367 indulgeretur
1125 1312 1391 1363 reuerentie,
1438 1311 1746 1364 corruptionis

104 1389 145 1425 et
199 1383 477 1438 indulgentie
531 1387 790 1440 exemplum
847 1386 1006 1427 ceteris
1051 1398 1211 1426 ansam
1260 1384 1479 1438 peccandi
1526 1384 1742 1437 preberet.

104 1457 324 1499 Uniuerse
365 1459 549 1499 tandem
593 1458 769 1499 cohorti
802 1460 885 1499 hec
917 1458 1088 1512 placuit
1120 1457 1356 1508 sententia,
1403 1460 1451 1496 ut
1492 1456 1656 1496 iactato
1698 1456 1743 1495 in

104 1531 253 1571 medio
293 1531 528 1571 concionis
568 1531 800 1584 puluinari
831 1531 951 1583 regia
986 1530 1199 1571 maiestas
1232 1528 1553 1582 procumberet
1592 1528 1745 1581 ibique

105 1603 322 1643 sententie
368 1604 438 1643 uel
486 1603 817 1655 indulgentiam
865 1603 937 1644 uel
983 1602 1176 1654 rigorem
1226 1601 1560 1654 prestolaretur.
1641 1600 1743 1650 Quo

103 1674 235 1722 facto,
260 1686 408 1727 regem
434 1675 667 1728 erigentes,
693 1675 777 1728 ipsi
801 1675 952 1716 delicti
975 1675 1159 1715 ueniam
1187 1674 1469 1726 gratiamque
1494 1673 1743 1724 indulgent,

104 1747 311 1787 unanimi
344 1748 691 1788 confirmatione
723 1748 1077 1798 conclamantes,
1125 1751 1186 1798 ut,
1233 1746 1359 1786 omni
1392 1746 1445 1785 de
1479 1749 1625 1785 cetero
1658 1744 1744 1784 dis-

104 1819 368 1872 pensatione
402 1824 589 1869 semota,
631 1819 952 1860 huiuscemodi
982 1818 1356 1871 transgressionis
1396 1830 1501 1857 reus
1541 1817 1666 1857 nulla
1697 1817 1744 1856 in

104 1895 335 1944 posterum
370 1892 676 1933 satisfactione
708 1892 820 1932 tanti
853 1891 1003 1932 delicti
1037 1891 1370 1931 immanitatem
1405 1889 1618 1942 expiaret,
1666 1890 1744 1929 sed

105 1964 177 2004 uel
203 1964 442 2017 capitalem
469 1965 640 2005 subiret
672 1964 957 2015 sententiam,
989 1964 1063 2003 uel
1095 1963 1269 2014 saltem,
1301 1965 1551 2015 temperato
1584 1961 1743 2013 rigore,

105 2040 153 2076 ut
191 2037 392 2088 extorris,
439 2036 658 2090 profugus
698 2040 740 2077 et
776 2036 834 2076 ab
872 2036 998 2077 omni
1038 2035 1222 2076 militari
1263 2034 1451 2086 collegio
1498 2046 1603 2073 cum
1644 2046 1744 2086 pro-

104 2108 240 2149 broso
287 2109 643 2162 nuncupationis
690 2109 938 2159 uocabulo,
994 2107 1038 2147 id
1087 2111 1152 2148 est
1201 2105 1522 2159 Nithinqsorth,
1576 2105 1744 2146 eiectus

106 2181 377 2222 abscederet.

812 2446 934 2487 CAP.
969 2446 1042 2485 XI.

337 2536 416 2575 DE
449 2533 826 2576 VVLNERIBVS
858 2533 935 2573 ET
968 2532 1176 2573 PLAGIS
1209 2532 1286 2572 ET
1320 2532 1524 2572 EARVM

683 2604 1169 2647 SATISFACTIONE.

203 2679 451 2768 Rstquam
495 2726 604 2754 uero
643 2712 758 2764 regis
799 2710 1135 2763 magnificentia
1184 2713 1436 2751 memorato
1482 2709 1620 2749 modo
1667 2721 1747 2748 sue

108 2785 478 2838 transgressionis
510 2785 726 2826 delictum
759 2782 995 2835 expiasset,
1037 2783 1299 2823 constitutio
1332 2782 1406 2822 illa
1441 2782 1495 2821 de
1527 2781 1605 2820 tali
1637 2781 1744 2821 cede

109 2857 295 2898 omnino
337 2857 570 2910 punienda
611 2860 711 2897 octo
752 2865 908 2906 regum
948 2854 1233 2907 temporibus
1273 2853 1497 2894 constanti
1532 2852 1744 2892 firmitate

109 2963 319 3008 quentiam
350 2960 445 3010 (pro
476 2963 518 2998 ἰῇ
550 2960 861 3006 consequentia,
892 2959 958 2997 in).
1028 2960 1089 2996 17.
1122 2960 1399 3006 pertumbere.
1469 2959 1531 2993 18.
1563 2958 1741 3004 rigorem

108 3016 202 3067 (pro
226 3018 387 3070 rigore).
452 3021 512 3056 19.
537 3022 576 3055 et
600 3018 765 3053 minata.
827 3015 993 3052 23—24.
1020 3017 1224 3063 imperato
1249 3026 1343 3063 rege
1368 3015 1518 3052 exteris
1544 3014 1744 3061 profugis.

113 3076 277 3112 25—26.
309 3076 589 3113 extimationis
620 3074 716 3124 (pro
747 3070 953 3109 extbmiato
979 3072 1097 3123 onio).

178 3156 278 3186 Script.
300 3157 364 3180 hist.
387 3157 456 3180 Dan.
478 3156 611 3179 minores.
1519 3141 1538 3171 6
