2150 3584
360 1011 399 1041 10

362 1735 403 1765 20

363 2095 405 2126 25

426 225 509 268 164
768 234 1043 267 SCRIPTORES
1076 234 1301 266 HISTORIAE
1335 234 1510 265 nAnicAE
1543 232 1742 265 MINORE'S

510 353 575 393 63.
612 352 870 392 Kanutus
911 351 1104 405 Senex,
1151 351 1274 392 filius
1321 350 1454 391 Suen.
1525 349 1611 390 Hic
1656 353 1814 391 contra
1863 353 2072 391 sanctum

426 425 535 466 olaf
586 435 736 476 regem
785 424 992 465 Norweie
1045 424 1317 465 continuum
1374 422 1545 463 bellum
1593 422 1776 475 habuit,
1836 426 1878 464 et
1931 422 2074 464 victor

426 497 622 537 existens
669 496 868 550 optinuit
915 496 1216 549 Norwegiam.
1281 496 1388 536 Post
1435 495 1519 535 hec
1566 507 1671 535 cum
1718 494 1842 536 mille
1889 495 2075 536 armatis

426 570 625 610 nauibus
670 568 981 609 transfretauit
1027 569 1071 609 in
1117 568 1341 620 Angliam.
1413 566 1630 608 Triennio
1677 567 1864 608 obsessa
1910 567 2076 618 insula,

426 641 622 681 Adelrad
682 654 760 681 rex
821 642 1072 693 Anglorum
1135 640 1352 680 obsessus
1412 639 1542 692 obijt,
1603 639 1868 694 relinquens
1928 639 2074 680 filium

428 713 723 764 Edwardum,
768 726 904 767 quem
939 713 1138 766 suscepit
1170 713 1227 752 ab
1262 712 1408 752 Imma
1441 713 1611 763 regina,
1645 724 1739 765 que
1772 725 1900 753 soror
1931 712 2076 753 fuerat

428 785 609 826 Ricardi
642 785 822 826 comitis
847 786 1236 826 Normannorum.
1287 785 1495 824 Kanutus
1525 784 1669 824 victor
1701 783 1897 825 existens
1927 783 2075 837 ipsam

428 858 624 898 Immam
676 858 805 898 duxit
849 871 1036 898 vxorem
1084 857 1329 910 genuitque
1377 870 1429 897 ex
1476 869 1526 897 ea
1576 856 1721 897 filium
1771 856 2074 897 Hartheknut.

428 930 564 971 Suein
609 935 649 971 et
683 930 913 971 Haroldus
952 944 977 970 a
1015 929 1274 971 concubina
1316 929 1454 981 geniti
1487 929 1679 969 fuerant.
1743 929 1850 969 Post
1881 931 2075 968 mortem

428 1002 524 1043 eius
557 1003 809 1043 succedunt
840 1002 885 1042 in
919 1014 1109 1055 regnum
1144 1002 1241 1042 eius
1274 1001 1352 1054 filij
1383 1001 1494 1053 eius,
1529 1002 1761 1042 Hal-oldus
1784 1001 1832 1041 in
1850 1000 2075 1053 Angliam‚

429 1074 566 1115 Suein
600 1075 645 1114 in
679 1075 1028 1121 Normanniam,
1064 1074 1349 1114 Harthecnut
1380 1074 1427 1114 in
1460 1074 1671 1114 Daniam.

512 1148 578 1187 64.
624 1148 737 1187 Kan
754 1151 884 1187 utus
933 1148 1129 1187 Durus.
1209 1146 1294 1186 Hic
1340 1151 1434 1187 erat
1480 1146 1596 1199 regis
1644 1146 1814 1187 Kanuti
1861 1145 1989 1187 Senis
2035 1149 2076 1185 et

430 1219 573 1259 [1111110
620 1219 771 1271 regine
818 1219 952 1259 filius.
1047 1219 1132 1260 Hic
1181 1222 1339 1259 contra
1391 1220 1645 1260 Haroldum
1692 1219 1878 1259 fratrem
1926 1231 2076 1270 51111111,

430 1302 576 1343 regem
610 1292 780 1343 Anglie,
822 1305 846 1332 a
883 1292 1021 1332 Dacia
1055 1292 1243 1332 veniens
1277 1292 1322 1332 in
1357 1291 1574 1332 Flandria
1607 1291 1800 1332 classem
1833 1290 2076 1341 adunauit3

384 1372 402 1401 ι’)
431 1364 506 1404 50(1
558 1364 787 1403 Haroldus
836 1368 978 1404 morte
1018 1368 1266 1417 preuentus
1313 1364 1484 1405 bellum
1533 1364 1727 1404 diremit.
1794 1363 2079 1404 Harthecnut

430 1435 625 1476 Daniam
661 1436 861 1489 possedit
894 1441 935 1476 01
967 1437 1190 1488 Angliam.
1242 1437 1415 1477 Interea
1443 1437 1579 1477 Suein
1614 1436 1726 1490 obijt
1757 1436 1804 1477 in
1835 1435 2077 1488 Noruegia,

430 1508 564 1548 frater
598 1509 902 1558 Hal-theclin&
953 1513 1062 1549 tunc
1095 1509 1351 1549 Normanni
1391 1510 1621 1561 elegerunt
1655 1510 1887 1561 Magnum,
1929 1508 2077 1548 filium

431 1580 573 1620 sancti
609 1580 718 1620 Olaf
745 1594 770 1620 a
803 1581 1076 1622 concubina.

514 1654 579 1693 65.
628 1654 860 1705 Magnus
894 1655 1106 1702 Bonus,
1139 1653 1262 1694 filius
1295 1654 1439 1695 sancti
1472 1654 1582 1696 Olaf
1609 1655 1664 1695 de
1698 1653 1938 1706 Noruegia.
1987 1653 2077 1704 Qui

432 1725 629 1765 Daniam
660 1725 884 1766 inuadens
911 1726 1108 1779 optinuit
1134 1728 1225 1767 duo
1252 1739 1403 1779 regna,
1438 1727 1723 1767 Harthecnut
1748 1739 1855 1767 011111
1880 1725 2077 1767 exercitu

432 1802 638 1838 morante
676 1798 720 1837 in
755 1798 927 1850 Anglia.
993 1799 1082 1849 Qui
1123 1812 1229 1839 mox
1271 1800 1494 1840 aduersus
1535 1800 1752 1851 Magnum
1792 1802 2078 1852 pugnaturus

432 1870 825 1922 consanguineum
875 1884 1009 1910 suum
1059 1871 1196 1911 Suein
1245 1871 1431 1924 prefecit
1469 1871 1615 1911 classi.
1679 1871 1818 1912 Suein
1864 1870 2012 1911 victus
2052 1883 2078 1911 a

434 1943 613 1994 Magno,
646 1955 752 1982 cum
785 1942 830 1982 in
860 1943 1069 1994 Angliam
1104 1944 1281 1995 rediret,
1316 1944 1602 1984 Hartheenut
1634 1948 1868 1985 mortuum
1900 1942 2076 1997 reperit.

433 2014 517 2055 Sed
559 2015 727 2055 electus
759 2015 816 2055 ab
849 2015 1003 2067 Anglis
1037 2015 1305 2065 Edwardus‚
1353 2016 1489 2056 frater
1522 2016 1807 2057 Harthecnut
1846 2029 1899 2057 ex
1932 2017 2077 2056 Imma

432 2086 600 2139 regina,
648 2099 806 2139 pacem
847 2100 952 2127 cum
989 2087 1124 2128 Suein
1159 2088 1330 2129 faciens
1363 2089 1597 2129 constituit
1628 2102 1747 2140 eum,
1795 2102 1842 2130 se
1881 2092 2078 2140 mortuo,

432 2170 582 2210 regem
615 2163 657 2199 et
688 2159 915 2199 heredem.
966 2160 1038 2200 Sic
1057 2160 1193 2201 Suein
1225 2160 1270 2200 in
1300 2161 1497 2201 Daniam
1523 2174 1735 2202 reuersus
1760 2165 1837 2203 est.
1887 2162 2080 2213 Magnus

433 2244 509 2271 rex
543 2231 730 2272 Sclauos
761 2232 875 2272 fines
916 2245 1023 2272 suos
1065 2232 1334 2273 inuadentes
1375 2234 1431 2273 ad
1472 2233 1785 2274 vlciscendum
1825 2233 2080 2285 Radeburg‚

434 2303 686 2356 principem
731 2317 903 2356 eorum,
951 2305 1027 2358 qui
1069 2318 1093 2344 a
1128 2306 1270 2345 Danis
1303 2306 1482 2346 occisus
1515 2310 1622 2359 erat,
1669 2306 1714 2346 in
1747 2305 2080 2360 campestribus

523 2448 537 2482 1
575 2458 657 2493 sqq.
697 2458 746 2483 eas
775 2447 925 2483 Adami
956 2448 1019 2485 lib.
1052 2449 1099 2493 II,
1133 2450 1193 2486 55.
1227 2450 1290 2486 50.
1324 2450 1385 2486 51.
1416 2450 1479 2486 52.
1514 2450 1575 2486 59.
1608 2450 1657 2486 72
1698 2453 1735 2487 et
1775 2450 1921 2487 Chron.
1962 2448 2080 2486 Roslc.

433 2515 548 2551 capp.
574 2504 648 2541 VII.
668 2504 730 2540 IX.
794 2506 827 2540 2.
852 2504 965 2540 Olaff
985 2517 1014 2542 r.
1040 2507 1248 2553 Noruegie
1275 2508 1316 2543 P.
1382 2508 1416 2543 3.
1439 2508 1621 2544 obtinuit
1642 2508 1685 2544 A.
1748 2509 1783 2545 7.
1809 2507 2007 2544 Richardi
2037 2506 2079 2542 P.

434 2562 652 2597 Chanutus
686 2562 727 2598 P.
805 2562 838 2597 8.
875 2562 1136 2600 Harthecnnt
1169 2565 1209 2600 P.
1289 2565 1322 2600 9.
1356 2565 1465 2601 Suen
1502 2566 1532 2600 P
1577 2567 1611 2600 et
1641 2566 1698 2601 sic
1728 2565 1848 2601 etiam
1881 2564 1922 2601 in
1955 2574 2080 2610 seqq.‚·

433 2618 501 2654 sed
526 2619 607 2664 ipse
631 2618 800 2664 inferius
824 2619 933 2665 (165.
953 2620 988 2664 2,
1017 2623 1107 2667 post
1138 2620 1404 2670 Christianis)
1434 2622 1613 2658 addidit:
1647 2622 1753 2658 Nota
1779 2621 1894 2669 quod
1920 2621 2080 2667 vbique

435 2676 475 2711 in
522 2686 649 2721 supra
697 2676 863 2722 scriptis
911 2678 963 2712 ita
1010 2678 1210 2714 scribitur
1256 2679 1337 2715 hoc
1383 2690 1556 2715 nomen:
1605 2680 1768 2716 Suein.
1851 2690 1872 2714 a
1913 2689 1990 2715 om.
2032 2677 2075 2713 A.

438 2734 487 2768 12
521 2744 601 2779 sqq.
642 2744 691 2768 ex
728 2733 878 2769 Adami
916 2733 979 2769 lib.
1013 2735 1059 2778 II,
1096 2735 1157 2771 72.
1192 2735 1240 2771 74
1281 2737 1341 2771 vel
1375 2736 1511 2782 potius
1555 2736 1703 2772 Chron.
1743 2736 1861 2772 Roslc.
1901 2746 1986 2781 cap.
2018 2734 2079 2770 IX.

439 2791 499 2825 14.
535 2790 651 2825 Uatia
688 2790 728 2825 P.
812 2790 985 2826 classem
1020 2793 1223 2828 adunauit
1254 2804 1331 2830 om.
1366 2794 1396 2828 P
1427 2793 1502 2829 1100
1535 2794 1629 2839 1000,
1663 2793 1731 2829 sed
1762 2793 1882 2829 habet
1913 2791 2080 2839 insci-Ius

437 2847 477 2882 in
511 2857 542 2882 1).
579 2847 628 2882 19
656 2849 747 2892 post
780 2848 998 2893 Noruegia.
1079 2849 1138 2885 16.
1176 2851 1378 2896 Norvegia
1415 2851 1457 2887 A.
1543 2851 1603 2886 18.
1636 2850 1748 2887 Olaff
1776 2851 1818 2896 P,
1851 2853 1894 2886 ut
1922 2849 2078 2896 soepius.

442 2905 489 2939 19
519 2914 602 2950 sqq.
634 2914 683 2939 ex
713 2903 863 2940 Adami
895 2904 958 2940 lib.
990 2906 1037 2949 II,
1075 2906 1132 2942 74.
1154 2907 1211 2942 75.
1277 2908 1337 2944 19.
1372 2907 1590 2953 Norwegia
1622 2907 1666 2943 A.
1727 2908 1791 2944 20.
1824 2907 2004 2944 obtinuit
2036 2905 2079 2941 A.

438 2961 502 2996 24.
536 2960 712 2996 Edward
749 2961 790 2997 P.
883 2962 946 2998 27.
980 2962 1183 2999 inuadens
1216 2964 1248 2999 A
1281 2975 1335 3001 m.
1371 2965 1389 3000 1
1430 2966 1466 3000 et
1497 2965 1540 3009 P,
1582 2965 1650 3000 sed
1681 2974 1781 3000 corr.
1817 2964 1859 3000 in
1890 2962 1923 3000 A
1955 2973 2006 3000 m.
2040 2961 2076 2998 2.

439 3018 675 3053 vlciscendft
704 3018 745 3054 P.
826 3019 1045 3065 Radeburg
1079 3021 1164 3065 AP;
1200 3021 1370 3057 1111111101·
1403 3021 1546 3057 rectius
1576 3021 1721 3057 Adam.
