2150 3584
249 1012 289 1042 10

252 1375 291 1405 15

314 229 399 268 458
652 237 926 266 SCRIPTORES
959 236 1186 264 fflsromAE
1217 235 1395 264 DANICAE
1426 235 1626 264 M1Nonsss

315 353 373 393 ab
422 351 625 405 antiquo.
697 351 808 391 Item
857 349 978 404 quod
1028 362 1054 389 a
1100 348 1414 389 sacerdotibus
1461 350 1691 390 ruralibus
1737 350 1792 390 de
1838 349 1968 391 terris

313 408 705 478 vni<uscuiusque>
752 421 876 462 curie
914 420 1231 461 adiacentibus
1271 420 1450 460 nullum
1498 421 1746 462 seruicium
1793 422 1965 474 regium

317 497 579 548 exigeretur.
645 495 757 535 Item
806 494 929 548 quod
978 506 1071 533 non
1118 495 1419 544 grauarentur
1465 493 1661 533 claustra
1709 507 1789 547 per
1826 507 1967 548 equos

315 569 385 609 vel
420 580 555 608 canes
588 566 705 619 regis
737 566 1005 618 pascendos.
1066 565 1178 605 Item
1211 565 1336 618 quod
1367 569 1485 605 terra
1518 566 1830 607 Borendholm
1862 579 1966 607 cum

316 640 417 680 aliis
443 638 577 679 bonis
604 637 1077 691 archiepiscopalibus
1102 638 1160 678 ad
1186 637 1423 678 ecclesiam
1447 638 1737 678 Lundensem
1755 639 1967 680 redirent.

316 713 384 764 Et,
433 714 659 765 quantum
692 710 739 750 in
773 723 825 750 eo
860 710 956 763 fuit,
1004 723 1082 751 rex
1114 709 1260 751 eciam
1293 710 1351 750 ad
1383 710 1472 750 hoc
1503 709 1696 751 fideliter
1728 711 1966 752 laboraret.

316 786 426 825 Item
472 784 595 838 quod
636 796 720 836 pro
761 786 907 823 morte
947 782 1067 823 Erici
1106 782 1222 834 regis
1264 781 1528 834 incausatis,
1576 782 1655 836 qui
1695 783 1792 824 eius
1835 783 1970 824 morti

315 855 654 910 presencialiter
697 854 816 896 facto
858 855 928 895 vel
975 868 1112 908 opere
1157 867 1251 895 non
1298 853 1615 907 interfuerunt,
1663 859 1705 896 et
1751 855 1830 910 qui
1876 869 1970 897 non

316 929 499 969 fuerunt
538 927 735 979 legitime
775 926 989 979 conuicti,
1035 926 1287 980 ceterisque
1328 927 1529 979 expulsis
1571 931 1613 968 et
1655 940 1814 968 eorum
1847 928 1971 968 here-

317 1002 451 1042 dibus
493 1013 547 1041 ac
588 1000 943 1053 quibuscunque
984 999 1086 1040 aliis
1126 999 1260 1040 bonis
1301 998 1396 1039 suis
1437 999 1592 1040 minus
1632 1000 1748 1041 iuste
1779 1000 1971 1054 priuatis

316 1075 436 1115 bona
484 1085 587 1126 sua,
646 1072 724 1114 vbi
771 1072 960 1113 inuenta
1006 1071 1197 1124 fuerint,
1253 1071 1609 1113 restituerentur.
1686 1073 1799 1113 Item
1846 1073 2003 1128 quod?

317 1147 566 1198 burgenses
599 1149 640 1186 et
669 1148 946 1185 mercatores
974 1144 1113 1185 libere
1145 1147 1377 1186 vterentur
1408 1143 1503 1184 suis
1527 1144 1841 1186 mercimoniis
1872 1145 1972 1186 abs-

317 1232 405 1273 que
439 1218 788 1270 grauaminibus
821 1221 863 1257 et
894 1217 1032 1257 variis
1063 1215 1320 1257 theoloneis
1351 1216 1659 1270 imponendis.
1710 1217 1765 1258 Et
1796 1218 1971 1272 absque

319 1303 596 1345 quacunque
620 1294 756 1343 quota
783 1284 1195 1330 mercimoniorum
1221 1301 1413 1330 suorum
1438 1291 1669 1343 ducerent,
1694 1303 1972 1346 quocunque

320 1364 509 1404 vellent'.
601 1362 836 1403 Modicum
886 1365 1037 1402 autem
1086 1362 1142 1402 de
1188 1361 1277 1402 hiis
1323 1362 1507 1415 punctis
1552 1362 1697 1403 tenuit
1742 1363 1972 1416 predictus

318 1436 660 1487 Waldemarus,
721 1435 907 1488 quando
968 1434 1176 1488 peruenit
1236 1435 1294 1475 ad
1359 1434 1562 1486 regimen
1623 1435 1870 1488 pacificum
1932 1439 1973 1476 et

322 1508 543 1561 quietum.

406 1637 440 1673 2.
473 1637 805 1682 vniuscuiusque
836 1636 991 1682 scripsi,
1025 1635 1222 1682 quoniam
1256 1636 1297 1672 in
1331 1635 1365 1672 C
1397 1637 1472 1672 est:
1511 1635 1562 1671 de
1594 1636 1717 1672 terris
1752 1648 1826 1673 sue
1857 1638 1973 1674 curie

321 1694 632 1730 adiacentibus:
678 1693 705 1729 S
740 1694 897 1729 lantum
931 1694 999 1729 vni
1032 1692 1161 1729 habet.
1239 1694 1273 1729 6.
1307 1691 1363 1728 fut
1395 1692 1435 1737 S,
1468 1693 1492 1729 i.
1525 1704 1555 1730 e.
1590 1693 1685 1740 fuit;
1731 1695 1799 1730 sed
1829 1694 1972 1730 malim

322 1752 446 1787 fuerit
485 1751 560 1796 (vel
599 1751 771 1796 fuisset).
851 1751 912 1787 14.
952 1760 1206 1797 quacunque
1253 1753 1382 1797 quota
1421 1750 1479 1796 C;
1525 1757 1702 1798 quacfiq3
1751 1754 1848 1788 nota
1896 1752 1973 1797 (vel

324 1810 437 1853 uota)
470 1809 509 1844 S.
