2150 3584
270 962 310 992 10

270 1324 310 1354 15

269 1687 310 1717 20

270 2050 311 2081 25

338 177 421 219 438
679 185 955 216 semprossns
987 184 1213 215 msromAE
1244 185 1421 215 DANICAE
1453 184 1652 215 M1NonEs

340 306 565 358 quantum
600 292 760 354 potuit,
807 299 1063 340 festinabat.
1128 299 1327 340 Veniens
1358 299 1494 352 igitur
1523 299 1571 340 in
1605 299 1798 352 Rugiam
1831 298 1989 351 Bugiz·

340 376 497 415 lauum
532 373 853 414 aduenientem
885 376 978 412 tam
1011 372 1175 412 acriter
1206 383 1445 424 aggressus
1478 376 1556 424 est,
1599 375 1646 412 vt
1682 372 1738 412 de
1769 370 1987 412 omnibus

339 446 598 501 quingentis
640 445 839 485 nauibus
881 444 975 484 sole
1011 443 1193 496 triginta
1225 444 1429 498 quinque
1462 443 1701 496 euaserint,
1748 444 1907 484 decem
1947 446 1988 483 et

339 523 441 560 octo
473 518 801 570 frangerentur,
834 529 996 557 omnes
1026 515 1139 556 alias
1174 516 1293 556 Dani
1325 515 1595 570 acceperint.
1653 516 1832 557 Bellum
1863 515 1987 556 illius

339 591 428 632 diei
475 594 632 644 portus
674 588 902 630 Sialendie
941 601 995 629 ac
1033 601 1159 629 mare
1201 588 1427 629 Balticum
1469 588 1628 642 piratis
1676 587 1891 629 vacuauit
1935 599 1988 628 ac

340 663 545 712 Daciam,
592 661 668 703 vix
709 661 914 701 libertate
954 674 1037 701 sua
1069 661 1358 713 gaudentem,
1405 660 1643 701 dominam
1678 660 1830 701 Slauie
1870 659 1986 701 fecit.

339 734 510 776 Infiniti
540 734 665 775 Slaui
697 733 971 785 ceciderunt,
1004 736 1202 787 quatuor
1227 733 1423 785 Rugiani
1454 736 1633 773 tantum
1667 731 1837 773 mortui
1868 735 1988 784 sunt,

339 809 492 849 nullus
540 810 691 847 autem
741 807 894 846 Dacus
940 805 988 845 in
1033 805 1112 846 illo
1159 805 1279 846 bello
1327 805 1501 846 cecidit.
1585 805 1788 845 Audiens
1834 808 1986 845 autem

340 881 476 922 Cesar
508 883 725 920 euentum
758 878 878 930 belli,
914 879 1026 918 dum
1059 878 1157 918 solo
1174 878 1406 919 Absolone
1438 878 1554 919 duce
1583 881 1758 918 tantam
1792 881 1986 929 stragem

337 952 516 994 audiret
546 952 728 1004 factam,
761 964 946 991 omnem
982 963 1109 1004 spem
1142 963 1235 991 non
1269 951 1421 991 solum
1453 949 1701 1004 optinende
1733 949 1813 990 sed
1842 949 1988 990 eciam

337 1025 591 1078 impetende
624 1023 763 1064 Dacie
795 1023 961 1064 amisit.

425 1097 524 1137 IIII.
575 1097 675 1137 Hoc
698 1096 832 1148 facto,
865 1108 922 1135 ne
948 1095 1073 1135 Slaui
1100 1095 1266 1136 iterum
1300 1095 1391 1136 cito
1423 1096 1481 1136 ad
1512 1094 1828 1136 resistenciam
1860 1106 1989 1148 para·

336 1174 506 1222 rentur,
551 1182 631 1209 rex
672 1169 882 1208 Kanutus
927 1167 1093 1208 iterum
1141 1179 1246 1208 cum
1292 1167 1490 1208 exercitu
1539 1167 1743 1208 Slauiam
1789 1166 1989 1214 intrauit,

338 1242 586 1295 multisque
626 1226 771 1294 <cum>
810 1240 1026 1294 periculis
1072 1252 1125 1280 ac
1172 1239 1520 1281 difficultatibus
1559 1241 1695 1281 vrbes
1739 1244 1781 1281 et
1820 1244 1987 1280 terram

337 1314 562 1356 incendiis
595 1326 648 1355 ac
680 1313 837 1367 spoliis
866 1312 1147 1353 deuastabat.
1198 1312 1413 1353 Pluribus
1439 1317 1593 1354 autem
1619 1312 1797 1354 vicibus
1819 1316 1988 1353 terram

337 1388 513 1428 intrans
545 1390 587 1427 et
618 1386 773 1427 exiens
804 1398 858 1426 ac
889 1385 1147 1426 consimilia
1180 1384 1353 1425 faciens
1385 1386 1500 1426 adeo
1527 1384 1829 1438 Bugizlauum
1855 1385 1989 1425 bonis

338 1460 555 1501 omnibus
597 1458 864 1511 denudauit,
910 1461 957 1499 vt
997 1462 1183 1499 coactus
1214 1457 1308 1510 regi
1341 1471 1387 1499 se
1420 1458 1654 1508 subderet3
1701 1457 1988 1511 ingentisque

338 1544 517 1572 summe
550 1531 744 1584 pecunia
775 1531 869 1583 regi
901 1530 1129 1584 promissa
1161 1543 1255 1571 non
1287 1530 1415 1584 prius
1447 1543 1607 1585 pacem
1633 1530 1802 1571 habere
1826 1529 1988 1583 potuit,

338 1617 477 1658 quam
511 1603 728 1657 Slauiam,
770 1616 857 1658 que
890 1602 1222 1656 patrimonium
1256 1616 1392 1644 suum
1425 1606 1533 1655 erat,
1575 1616 1599 1643 a
1633 1613 1734 1655 rege
1765 1605 1987 1656 tanquam

337 1680 606 1730 procurator
631 1676 857 1730 acciperet
884 1676 1232 1730 libertatemque
1257 1675 1474 1717 seruitute
1500 1679 1708 1727 mutaret,
1742 1679 1784 1715 et
1806 1675 1989 1716 tributis

339 1754 379 1790 et
410 1748 644 1802 obsequiis
675 1748 768 1801 regi
801 1748 1017 1802 deinceps
1051 1748 1317 1789 seruiturus.
1381 1748 1596 1803 Sequenti
1636 1748 1723 1801 die,
1770 1747 1988 1788 omnibus

339 1821 605 1875 proceribus
654 1820 804 1862 Slauie
852 1821 1084 1874 adductis,
1142 1821 1335 1873 genibus
1381 1821 1511 1862 flexis
1557 1833 1664 1861 cum
1708 1820 1901 1872 coniuge
1948 1823 1991 1861 et

338 1894 491 1935 liberis
539 1894 594 1934 ad
644 1894 782 1947 pedes
828 1893 947 1946 regis
986 1893 1221 1934 humiliter
1267 1907 1314 1934 se
1356 1893 1618 1947 prostrauit,
1664 1893 1847 1934 veniam
1893 1896 1986 1933 tam

338 1966 512 2006 diutine
567 1966 830 2007 rebellionis
883 1966 1145 2019 postulans,
1197 1966 1525 2019 obsidibusque
1577 1965 1810 2019 aliquibus
1856 1965 1988 2018 datis,

338 2039 569 2092 aliquibus
616 2038 856 2092 promissis
903 2038 1138 2092 propriam
1191 2042 1357 2080 terram
1407 2038 1614 2091 beneficij
1663 2038 1764 2079 loco
1811 2051 1836 2079 a
1886 2049 1989 2091 rege

339 2111 546 2165 suscepit.
611 2111 683 2152 Sic
715 2111 977 2152 dominium
1010 2111 1163 2152 Slauie
1199 2112 1379 2152 Kanuto
1412 2111 1500 2152 cito
1533 2110 1737 2163 accessit,
1781 2123 1864 2164 pro
1896 2122 1988 2165 quo

338 2184 675 2235 Waldemarus,
708 2187 835 2237 pater
868 2183 979 2235 eius,
1011 2187 1137 2225 tanto
1169 2188 1375 2238 tempore
1407 2184 1647 2225 laborauit.
1711 2182 1988 2236 Bugizlauus

338 2257 497 2309 eciam,
530 2256 735 2310 beneflcij
774 2256 938 2309 recepti
971 2270 1063 2297 non
1091 2256 1352 2308 immemor,
1384 2256 1650 2297 fidelitatem
1676 2255 1819 2296 Danis
1845 2254 1989 2296 omni-

339 2329 425 2370 bus
472 2329 634 2370 diebus
674 2329 767 2370 suis
810 2329 1119 2383 conseruauit,
1165 2331 1281 2370 adeo
1313 2333 1372 2381 vt,
1419 2342 1525 2370 cum
1573 2329 1618 2369 in
1665 2329 1781 2369 lecto
1829 2327 1988 2369 mortis

427 2455 460 2491 3.
502 2455 689 2501 quinque
727 2455 797 2500 (52)
837 2455 865 2490 S
910 2456 969 2499 (ut
1003 2454 1143 2501 Saxo);
1190 2465 1269 2492 om.
1310 2454 1354 2491 Α.
1432 2454 1540 2490 3--4,
1580 2456 1990 2489 euaserunt..acce-

342 2515 495 2558 perunt
526 2512 605 2554 AS,
650 2513 818 2549 correxi.
897 2513 932 2548 5.
965 2513 1131 2548 vacauit
1163 2512 1203 2548 S.
1279 2512 1313 2548 6.
1346 2523 1420 2547 sua
1454 2522 1531 2548 om.
1565 2511 1605 2548 S.
1697 2510 1833 2546 effecit
1869 2509 1989 2546 Saxo.

342 2570 376 2604 8.
425 2569 534 2604 bello
583 2569 654 2605 illo
701 2570 778 2614 AS,
824 2570 892 2605 sed
939 2570 980 2605 in
1019 2569 1047 2605 S
1095 2569 1213 2606 verba
1262 2570 1599 2615 transponuntur.
1696 2568 1756 2604 10.
1796 2567 1903 2603 facta
1945 2567 1986 2604 S.

347 2627 406 2662 11.
439 2626 678 2673 impetende
708 2627 744 2670 (i.
772 2638 801 2663 e.
834 2627 1087 2672 inuadende)
1118 2626 1280 2673 scrIpsi3
1312 2626 1575 2673 impetrande
1601 2625 1653 2670 Ᾱ;
1684 2624 1930 2671 imperande
1959 2623 1987 2660 S

342 2684 609 2726 (attentandae
642 2683 777 2728 Saxo).
844 2685 905 2720 14.
939 2695 1033 2720 cum
1067 2683 1219 2721 addidi.
1291 2684 1351 2720 15.
1384 2683 1622 2719 deuastauit
1654 2682 1694 2718 S.
1757 2682 1819 2718 16.
1851 2681 1989 2728 bugiz-

343 2739 507 2776 slauum
541 2742 572 2776 Α
606 2741 712 2784 (ilem
746 2742 824 2786 27).
902 2742 1068 2778 18—19.
1110 2741 1256 2787 potuit,
1288 2751 1434 2787 quarn:
1483 2740 1523 2776 in
1555 2738 1618 2776 his
1651 2737 1779 2775 verbis
1810 2738 1913 2775 redit
1943 2739 1987 2774 V.

346 2798 407 2833 19.
441 2808 522 2844 que
555 2798 640 2842 AS3
681 2799 752 2844 qui
785 2799 829 2835 V.
900 2799 963 2834 20.
996 2802 1036 2834 et
1067 2800 1174 2843 (ante
1204 2798 1387 2843 tributis)
1418 2808 1496 2834 om.
1531 2797 1606 2833 As.
1668 2796 1836 2832 21—22.
1868 2794 1987 2832 verba

342 2855 480 2889 omnia
528 2855 987 2901 deinceps..adductis
1034 2866 1112 2892 om.
1158 2856 1196 2892 S.
1287 2856 1352 2891 24.
1401 2854 1706 2900 obsidibusque
1751 2853 1897 2899 scripsi
1940 2863 1989 2889 ex

340 2910 519 2956 Saxone;
580 2912 799 2948 obsidibus
848 2912 960 2948 codd.
1061 2913 1124 2949 26.
1172 2913 1357 2959 suscepit
1402 2912 1566 2958 scripsi3
1626 2913 1812 2957 suscept9
1856 2909 1988 2956 codd.;

342 2972 616 3014 suscepturus
647 2969 873 3016 Lanyebelc.
935 2970 998 3006 27.
1030 2969 1247 3016 bugizlaus
1279 2970 1330 3015 V;
1361 2968 1630 3015 bugizslauus
1661 2968 1707 3004 A.
