2150 3584
82 1651 119 1682 10

81 2011 118 2041 15

77 2374 118 2404 20

77 2734 118 2764 25

288 180 506 209 svssmoivis
538 179 729 208 AGGONIS
763 179 864 208 rimi
900 180 1058 209 Bnssws
1092 180 1301 210 nisionm
1338 183 1486 210 nivaM
1522 182 1652 210 mcii:
1738 172 1791 211 95

952 498 990 559 S

526 672 862 718 SVENONIS
902 671 1206 718 AGGONIS
1244 673 1402 718 FILII

460 782 670 823 BREVIS
712 782 995 823 HISTORIA
1035 783 1239 824 REGVM
1285 783 1477 824 DACIE.

817 888 1130 925 PROOEMIVM.

244 958 387 1036 Cum
445 996 651 1033 ueterum
706 991 752 1032 in
809 993 1119 1033 monumentis
1166 1006 1357 1046 operosa
1406 994 1790 1046 contemplatione

148 1065 402 1119 priscorum
445 1069 565 1117 gesta
606 1065 708 1105 stilo
751 1064 1008 1117 conscripta
1042 1065 1379 1117 elegantissimo
1420 1066 1579 1106 crebro
1622 1067 1790 1119 perspi-

148 1150 310 1190 cerem,
357 1137 546 1178 diutinis
587 1136 815 1190 suspiraui
857 1137 1115 1188 gemitibus,
1162 1138 1284 1190 quod
1327 1141 1587 1178 nostrorum
1632 1149 1788 1190 regum

148 1210 500 1264 principumque
532 1209 866 1263 preclarissima
899 1213 1021 1261 gesta
1053 1213 1207 1249 eterno
1241 1210 1568 1263 deputarentur
1598 1211 1790 1251 silentio.

147 1282 342 1335 Quippe,
374 1294 478 1322 cum
505 1285 547 1321 et
568 1281 632 1321 illi
663 1281 899 1322 inferiores
931 1295 1024 1322 non
1050 1282 1279 1322 extiterint
1305 1282 1477 1322 meritis
1503 1286 1544 1322 et
1570 1283 1790 1323 uirtutum

147 1354 441 1407 experientia,
497 1354 594 1407 pari
650 1353 865 1407 preconio
923 1354 1079 1407 utique
1126 1367 1203 1394 eos
1250 1355 1466 1395 excellere
1513 1355 1789 1396 conueniret.

147 1427 315 1467 Verum
348 1426 739 1467 crebrescentibus
772 1426 905 1466 malis
937 1426 1022 1466 sub
1048 1426 1209 1466 mundi
1242 1427 1518 1467 senescentis
1542 1427 1790 1479 interitum,

146 1499 249 1539 licet
307 1499 557 1539 intentione
617 1499 837 1539 laudabili
898 1499 1118 1539 memorie
1180 1498 1283 1552 quis
1344 1503 1532 1539 conetur
1597 1500 1790 1540 illustria

146 1571 337 1612 heroum
393 1571 509 1612 facta
568 1572 914 1624 commendare,
975 1570 1318 1611 obtrectationis
1364 1575 1516 1612 tamen
1565 1572 1789 1612 inuidiam

147 1643 412 1697 neutiquam
453 1643 712 1684 declinabit.
776 1644 933 1697 Itaque
973 1643 1050 1683 diu
1094 1656 1224 1683 mens
1264 1643 1378 1684 mihi
1411 1645 1537 1684 uelut
1567 1644 1614 1684 in
1648 1644 1788 1696 biuio,

145 1717 267 1770 quod
306 1716 484 1767 dicitur,
530 1716 795 1764 fluctuabat,
842 1720 1011 1767 utrum,
1060 1720 1215 1755 notam
1260 1729 1353 1756 non
1395 1711 1630 1768 defugiens
1670 1730 1790 1758 arro-

144 1789 310 1842 gantie,
367 1788 469 1829 stilo
525 1788 627 1828 licet
682 1787 867 1841 illepido
913 1799 1069 1840 regum
1119 1788 1406 1840 genealogias
1453 1800 1788 1842 regnorumque

145 1861 456 1902 successiones
503 1861 588 1901 sub
636 1860 910 1913 compendio
958 1860 1097 1900 literis
1148 1861 1437 1912 mandarem,
1485 1866 1563 1901 aut
1609 1861 1787 1902 silentio

144 1938 307 1974 cuncta
339 1933 614 1986 preterirem.
666 1933 814 1974 Satius
848 1932 1012 1972 etenim
1047 1933 1346 1972 autumabam
1381 1933 1574 1986 posteris
1607 1933 1787 1985 nostris,

145 2006 222 2060 qui
254 2010 296 2047 et
327 2006 504 2046 uiuacis
534 2005 703 2058 ingenii
735 2005 1039 2044 armabuntur
1070 2005 1283 2044 acumine
1316 2010 1357 2045 et
1389 2005 1593 2046 doctrine
1626 2006 1786 2046 floride

145 2079 275 2131 copia
323 2078 710 2130 fecundabuntur,
764 2077 922 2131 preuio
970 2077 1178 2129 exemplo
1226 2077 1492 2130 negligentie
1540 2078 1786 2118 densitates

145 2155 379 2204 penetrare
425 2163 565 2204 quam
612 2150 916 2201 committere,
969 2153 1017 2188 ut
1062 2148 1306 2189 illustrium
1355 2154 1476 2202 gesta
1524 2150 1785 2203 principum

145 2223 382 2264 uetustatis
419 2223 768 2263 obfuscarentur
807 2221 1010 2274 caligine.
1073 2221 1173 2272 Sed,
1216 2226 1262 2261 ut
1296 2222 1357 2261 ait
1392 2221 1657 2273 Martianus,
1705 2236 1785 2263 »ne

143 2295 424 2349 incomperta
451 2295 693 2335 falsitatem
717 2294 968 2334 admiscere
992 2293 1201 2332 uideatur
1232 2294 1463 2345 assertio«,
1496 2298 1537 2334 et
1569 2307 1624 2334 ne
1658 2294 1784 2334 sabu-

143 2368 237 2409 lose
271 2368 427 2408 uidear
458 2366 696 2407 historiam
730 2379 953 2417 enarrare,
987 2369 1210 2419 quantum
1243 2366 1300 2405 ab
1333 2366 1521 2406 annosis
1554 2370 1595 2406 et
1627 2367 1784 2406 ueteri-

144 2440 229 2481 bus
261 2444 379 2481 certa
413 2439 538 2479 ualui
570 2438 864 2492 inquisitione
897 2438 1167 2491 percontari,
1214 2438 1539 2491 compendiose
1572 2439 1784 2492 perstrin-

143 2524 258 2565 gam.
321 2513 377 2552 Et
415 2511 521 2565 quia
562 2524 653 2551 non
695 2510 904 2551 omnium
944 2521 1098 2562 regum
1142 2523 1224 2563 par
1255 2510 1416 2550 claruit
1450 2510 1651 2562 uictoria,
1699 2523 1782 2551 nec

144 2584 280 2624 simili
312 2584 571 2625 exultarunt
603 2596 762 2624 omnes
794 2583 1042 2635 triumpho,
1089 2595 1195 2622 cum
1228 2586 1269 2622 et
1301 2593 1457 2634 regum
1490 2582 1646 2623 titulos
1677 2596 1700 2622 a
1736 2596 1781 2623 se

144 2669 235 2697 non
267 2655 544 2708 ambigimus
575 2655 846 2708 discrepare,
878 2667 1075 2708 quorum
1106 2654 1300 2706 insignia
1333 2658 1454 2706 gesta
1487 2655 1585 2695 luce
1614 2655 1780 2695 clarius

144 2728 365 2782 perspexi,
412 2741 487 2768 eos
528 2727 585 2768 ad
630 2726 899 2768 memoriam
939 2739 1155 2767 reuocare
1194 2730 1385 2767 conatus
1432 2739 1549 2778 sum,
1595 2727 1779 2767 illorum

144 2861 345 2897 influebat
364 2845 522 2919 (proni1
549 2858 730 2908 fluebat).
782 2860 842 2895 14.
870 2860 1034 2895 etenim.
1087 2859 1250 2895 15-16.
1278 2858 1538 2895 fecundetur.
1591 2860 1651 2894 17.
1672 2859 1780 2894 eluc-

144 2931 230 2965 tum
269 2927 362 2978 (pro
386 2921 572 2977 ilusium).
640 2929 687 2964 18
705 2938 783 2974 sq.:
817 2927 931 2963 Mart.
953 2926 1099 2973 Capell.
1123 2926 1218 2972 VIII,
1239 2927 1315 2963 831
1349 2928 1408 2972 (ρ.
1438 2925 1518 2961 307
1547 2926 1776 2972 Eysseth.

146 2985 208 3022 23.
238 2987 415 3033 tumpho
446 2984 517 3034 (sic
546 2983 717 3033 saepz'us).
794 2985 960 3020 23—24.
993 2984 1136 3020 titulos
1169 2995 1191 3019 a
1223 2995 1266 3020 se
1299 2995 1381 3019 non
1413 2983 1596 3029 ambigui
1628 2984 1779 3019 discre-

145 3052 256 3088 pare.
332 3043 396 3079 25.
428 3043 705 3089 perspicatius
735 3040 831 3090 (pro
864 3042 1089 3088 perspicat9
1122 3039 1218 3089 eos).
