2150 3584
334 1016 375 1047 10

334 1376 375 1408 15

334 1739 377 1770 20

335 2102 378 2133 25

399 233 480 272 266
732 242 1007 271 SCRIPTORES
1040 242 1267 270 fflsromAE
1299 241 1476 269 DANICAE
1507 241 1707 269 MINOREs

400 357 520 398 enim
564 360 604 397 et
645 356 741 409 ipse
783 354 990 408 procacis
1029 354 1243 395 facundie
1282 358 1325 395 et
1355 354 1584 407 peruicaci
1618 367 1828 395 sermone
1860 359 2048 396 cunctos

399 429 621 469 vincebat.
671 427 761 479 Qui
788 440 813 468 a
841 427 1053 468 conuicio
1087 427 1273 467 Ericum
1307 437 1545 479 aggressus
1577 427 1691 467 adeo
1723 427 1782 467 ab
1814 440 1866 468 eo
1898 427 2050 469 verbis

399 514 694 555 repercussus
749 504 832 550 est,
896 504 940 540 vt
994 512 1164 553 equum
1221 499 1477 539 calcaribus
1523 510 1686 551 vrgens
1732 499 1887 540 aulam
1932 500 2049 552 regis

399 574 664 615 festinanter
709 558 915 630 intraret,
966 575 1101 625 atque
1147 571 1392 612 confusum
1441 584 1487 611 se
1533 571 1740 611 clamans
1785 584 1946 612 omnes
1992 573 2048 612 ad

401 659 530 686 arma
561 644 783 697 incitauit,
815 649 861 686 vt
894 658 939 684 se
972 644 1027 684 dc
1061 644 1194 684 Erico
1227 643 1501 691 vindicaret;
1535 643 1666 684 cuius
1697 643 2048 697 impacienciam

400 732 477 759 rex
523 717 819 771 compescuit,
869 717 1025 757 dicens
1072 716 1214 756 nichil
1260 716 1399 756 simul
1446 719 1577 756 caute
1623 719 1665 756 et
1710 716 1913 757 celeriter
1958 717 2050 769 geri

400 804 546 844 posse.
635 790 797 830 Ericus
844 793 996 830 autem
1044 801 1203 829 versus
1250 788 1426 828 curiam
1472 788 1589 839 regis
1635 789 1807 829 vadens
1854 789 2051 841 cogitare

400 863 531 917 cepit,
578 864 702 916 quod
742 875 843 902 mos
881 865 989 913 erat,
1036 865 1080 901 vt
1121 861 1300 901 aduene
1332 860 1630 901 aduenientes
1661 860 1845 912 regibus
1876 861 2050 915 aliquid

400 939 733 989 presentarent;
779 934 1114 987 inuentumque
1146 932 1304 985 glaciei
1337 932 1533 972 frustum
1567 945 1722 985 panno
1755 933 1965 986 inuoluit,
2006 938 2053 975 vt

400 1007 492 1060 regi
530 1020 614 1060 pro
661 1019 851 1047 munere
894 1010 1185 1059 presentaret.
1248 1005 1303 1045 At
1349 1004 1425 1045 vbi
1471 1005 1529 1044 ad
1576 1005 1731 1045 aulam
1778 1010 2052 1059 peruentum

403 1084 480 1132 est,
505 1079 737 1131 ianitores,
760 1082 805 1119 vt
830 1078 1029 1119 ludibrio
1054 1078 1313 1118 venientem
1339 1076 1609 1130 exciperent,
1635 1077 1861 1118 lubricam
1886 1079 2052 1132 pellem

402 1152 447 1192 in
480 1152 638 1192 limine
671 1151 1046 1200 substrauerunt;
1094 1149 1375 1202 ingrediente
1408 1149 1543 1201 igitur
1575 1150 1709 1190 Erico
1742 1150 1944 1192 celeriter
1975 1165 2055 1205 per

402 1224 558 1265 funem
592 1224 758 1277 pellem
790 1227 1086 1275 attraxerunt,
1130 1221 1433 1276 fecissentque
1466 1221 1505 1262 ei
1537 1234 1697 1263 casum
1728 1226 1924 1276 turpem,
1965 1223 2054 1264 nisi

402 1297 539 1337 frater
585 1296 682 1336 eius
729 1296 937 1337 Rollerus
985 1296 1270 1348 subsequens
1316 1294 1408 1335 iam
1457 1295 1695 1335 cadentem
1744 1308 1827 1335 suo
1874 1299 2061 1349 pectore

402 1369 662 1422 excepisset.
727 1368 935 1422 Cumque
969 1368 1212 1419 Gunwara,
1252 1367 1368 1419 regis
1402 1380 1543 1419 soror,
1585 1367 1677 1420 regi
1709 1368 1891 1420 diceret,
1929 1369 2054 1422 quod

402 1441 509 1482 talia
543 1441 801 1495 permittere
834 1454 926 1481 non
960 1440 1156 1492 deberet,
1188 1439 1426 1492 respondit
1456 1452 1548 1491 rex,
1581 1439 1798 1481 stolidum
1833 1454 1943 1493 esse,
1975 1441 2054 1495 qui

405 1513 597 1555 insidias
629 1526 721 1554 non
754 1517 948 1554 caueret.

488 1587 539 1627 V.
588 1586 697 1626 Erat
723 1590 875 1626 autem
910 1586 1105 1638 hiemps,
1138 1589 1179 1625 et
1210 1584 1328 1637 ignis
1361 1595 1556 1637 magnus
1587 1584 1634 1624 in
1667 1584 1820 1626 medio
1852 1586 2054 1639 ardebat,

403 1663 539 1713 atque
582 1671 635 1699 ex
673 1671 762 1698 vna
803 1662 930 1711 parte
969 1671 1047 1699 rex
1090 1661 1132 1698 et
1165 1670 1218 1698 ex
1257 1657 1347 1697 alia
1389 1656 1564 1710 pugiles
1605 1658 1924 1699 consederunt.
1986 1658 2053 1698 Ad

405 1744 520 1785 quos
561 1743 667 1771 cum
707 1743 753 1771 se
793 1730 1044 1784 applicaret
1087 1730 1263 1781 Ericus,
1309 1729 1355 1769 in
1396 1729 1673 1770 derisionem
1706 1729 1851 1783 ipsius
1882 1730 2056 1771 vlulan-

404 1804 527 1845 cium
582 1816 709 1844 more
762 1803 979 1856 luporum
1034 1803 1317 1843 horrendum
1374 1801 1577 1843 fecerunt
1623 1802 1894 1853 clamorem3
1955 1813 2056 1855 rege

404 1880 557 1916 autem
590 1888 667 1916 eos
693 1879 1010 1928 compescente
1035 1875 1149 1915 dixit
1168 1874 1343 1926 Ericus,
1375 1875 1501 1915 hunc
1534 1888 1708 1916 morem
1743 1887 1840 1916 esse
1872 1887 2055 1927 canum,

405 1952 451 1988 vt
488 1961 579 1988 vno
617 1947 863 1988 inchoante
906 1947 1040 1988 ceteri
1079 1947 1295 1987 latratum
1337 1948 1485 1988 edant.
1549 1947 1859 2000 Interrogante
1901 1952 2055 1989 autem

406 2020 591 2071 Colone,
638 2020 717 2075 qui
760 2033 1003 2060 munerum
1051 2019 1142 2072 regi
1189 2020 1403 2060 datorum
1443 2023 1596 2060 custos
1636 2023 1743 2072 erat,
1791 2019 1825 2060 si
1868 2019 2055 2074 aliquod

406 2106 576 2133 munus
608 2092 698 2144 regi
731 2092 980 2144 detulisset,
1013 2092 1175 2132 Ericus
1207 2091 1414 2144 glaciem,
1447 2105 1586 2145 quam
1620 2096 1897 2145 portauerat,
1931 2096 2057 2133 trans

405 2165 555 2218 ignem
603 2165 641 2205 ei
689 2165 925 2218 porrigens
971 2168 1192 2218 tanquam
1240 2165 1296 2204 de
1338 2177 1479 2204 manu
1519 2164 1780 2217 recipientis
1819 2164 2056 2218 delapsam

406 2237 607 2278 flammis
647 2237 702 2277 de
743 2236 968 2283 industria
1007 2236 1205 2277 tradidit.
1271 2236 1457 2278 Cunctis
1494 2240 1648 2276 autem
1682 2240 1866 2290 propter
1898 2236 2057 2289 glaciei

406 2310 601 2350 nitorem
672 2309 929 2362 preciosum
994 2309 1133 2350 fuisse
1195 2309 1431 2350 metallum
1494 2308 1826 2361 iudicantibus,
1896 2309 2057 2349 Ericus

496 2408 529 2443 1.
576 2411 614 2444 et
655 2408 744 2454 ipse
785 2408 906 2453 DAS3
952 2408 1042 2454 ipse
1081 2408 1125 2444 V.
1216 2408 1411 2454 procacis
1457 2407 1654 2443 facundie
1698 2407 1827 2452 Saxo3
1874 2406 2057 2453 prosaeis

407 2465 602 2502 facundie
635 2466 687 2510 V;
733 2462 1040 2513 lllperfacundo
1075 2465 1120 2510 D,
1165 2465 1234 2501 sed
1273 2464 1313 2500 in
1353 2475 1499 2501 rasura
1536 2463 1673 2510 fuerat
1702 2464 1835 2511 prosa,
1881 2466 1917 2499 et
1948 2476 1971 2511 9
2005 2462 2058 2499 D2

407 2522 589 2567 debetur-3
622 2522 915 2568 prosperitatis
949 2522 1022 2559 fac.
1056 2522 1107 2568 A3
1140 2521 1397 2569 perspicacis
1430 2521 1506 2559 fac.
1542 2521 1581 2557 S.
1642 2525 1681 2557 et
1712 2533 1788 2568 per
1819 2531 2055 2557 sermonem

408 2580 484 2616 AS.
549 2579 583 2615 2.
617 2579 722 2623 Quia
755 2580 950 2616 conuicio
985 2580 1067 2623 DV,
1098 2580 1166 2615 sed
1199 2579 1239 2615 in
1272 2580 1305 2614 D
1338 2590 1359 2614 a
1389 2578 1473 2625 fere
1504 2578 1674 2614 deletum
1708 2581 1763 2614 est
1792 2577 1830 2627 (a
1863 2578 2057 2614 conuicio

408 2637 584 2683 litigium
618 2647 742 2672 orsus
774 2634 916 2685 Saxo),
948 2637 1026 2680 Qui
1060 2638 1100 2672 in
1134 2647 1256 2673 conu.
1292 2636 1330 2672 S.
1408 2636 1577 2672 Ericum
1610 2646 1687 2672 om.
1721 2635 1796 2672 AS.
1866 2636 1901 2672 6.
1933 2634 2058 2671 scele-

409 2691 558 2742 riter(!)
577 2694 620 2729 V.
683 2694 718 2729 9.
744 2693 948 2730 frustrum
968 2694 1013 2730 V.
1083 2694 1243 2729 10-11.
1271 2697 1521 2740 peruentum
1548 2693 1599 2728 ad
1626 2704 1659 2729 a.
1688 2696 1749 2729 est
1766 2693 1809 2728 V.
1876 2693 1935 2728 11.
1957 2692 2059 2728 reci-

410 2754 555 2797 perent
580 2750 619 2786 S.
687 2751 747 2786 12.
781 2754 1106 2797 prostrauerunt
1132 2750 1208 2787 AS.
1272 2751 1397 2796 igitur
1422 2761 1499 2786 om.
1526 2750 1565 2786 S.
1632 2751 1691 2786 13.
1726 2753 1993 2786 extraxerunt
2014 2749 2057 2785 A.

413 2809 474 2844 14.
524 2807 651 2844 fratre
697 2802 741 2844 A.
853 2809 913 2844 15.
965 2809 1190 2854 recepisset
1238 2809 1281 2843 D.
1386 2818 1510 2843 soror
1565 2807 1672 2853 regis
1726 2807 1803 2843 dic.
1850 2806 1934 2853 regi
1982 2806 2057 2842 AS.

413 2865 475 2900 18.
508 2876 625 2910 yems
658 2865 711 2910 D3
752 2865 929 2911 hyemps
961 2864 1003 2901 A.
1084 2866 1143 2901 19.
1177 2875 1223 2900 ex
1257 2864 1336 2900 alia
1371 2867 1488 2910 parte
1520 2875 1557 2910 p.
1591 2864 1630 2901 S.
1715 2863 1983 2900 considerent
2014 2863 2057 2899 A.

411 2922 474 2957 20.
514 2921 788 2958 vllulancium
830 2922 868 2958 S.
959 2922 1022 2958 21.
1069 2922 1268 2968 luporum
1317 2932 1433 2957 more
1479 2921 1554 2957 AS.
1645 2921 1709 2956 23.
1756 2920 1962 2956 latradum
2011 2919 2056 2956 A.

411 2979 538 3014 edunt
564 2979 639 3014 AS.
703 2982 841 3014 autem
870 2979 996 3023 DVA;
1028 2979 1154 3024 igitur
1180 2978 1218 3015 S.
1280 2979 1344 3014 24.
1377 2989 1488 3014 mun.
1522 2978 1602 3014 dat.
1637 2978 1721 3023 regi
1750 2978 1801 3022 V;
1835 2987 2056 3013 munerum

411 3036 519 3080 regis
561 3036 774 3071 Danorum
816 3036 866 3080 A;
913 3037 1020 3081 regis
1062 3037 1276 3071 Danorum
1317 3046 1538 3071 munerum
1583 3035 1621 3071 S.
1713 3037 1800 3070 crat
1840 3038 1982 3070 custos
2014 3034 2057 3069 A.

412 3092 568 3137 aliquid
606 3093 683 3127 DAv
754 3093 815 3128 28.
851 3093 977 3129 fuisse
1011 3093 1223 3128 metallum
1258 3103 1336 3128 0111,
1372 3092 1417 3130 V.
1495 3091 1795 3128 meditantibus
1826 3091 1869 3127 A.
