2150 3584
574 213 868 244 COMPENDIVM
902 216 1100 245 sxxoms.
1150 218 1232 246 Lm.
1266 217 1358 246 xnu
1701 209 1780 248 427

141 328 267 381 pium
314 331 428 380 erat,
480 340 663 368 seruare
710 329 1017 381 prophanum.
1112 330 1209 370 Hoc
1255 331 1442 383 ydolum
1491 332 1783 385 appellabant

139 399 482 441 Swantouitum.
546 400 663 440 Nam
707 401 902 441 Karolus
944 402 1151 453 Magnus,
1199 403 1307 442 dum
1352 403 1541 454 Rugiam
1591 405 1782 456 vicisset,

140 476 348 513 sanctum
382 472 551 523 Vitum‚
597 472 728 512 cuius
771 484 937 525 ymago
980 477 1074 514 erat
1117 474 1331 526 Coruege,
1381 476 1598 527 Rugianis
1639 478 1783 517 colere

140 544 360 598 precepit;
407 548 453 584 at
491 548 672 585 mortuo
714 544 814 597 ipso
858 545 978 586 istud
1011 546 1199 598 ydolum
1237 546 1451 599 fecerunt,
1498 547 1698 588 dicentes
1739 562 1783 588 se

139 616 253 657 velle
285 617 432 657 colere
464 616 620 656 Vitum
653 617 906 670 proprium,
939 630 1031 657 non
1065 617 1279 659 alienum.

226 689 388 729 XXIII.
438 689 530 730 Rex
555 688 691 741 igitur
722 689 880 729 volens
913 690 1070 730 vrbem
1105 694 1318 741 euertere,
1352 703 1442 732 non
1478 696 1566 731 tam
1602 698 1786 746 propter

139 760 391 814 presidium
425 773 565 813 quam
598 764 782 814 propter
813 762 1189 814 supersticiosum
1224 762 1375 812 ritum,
1410 764 1602 816 predixit
1629 778 1673 804 se
1700 765 1786 805 vic-

139 833 304 874 toriam
352 833 618 873 habiturum
667 832 896 874 adiutorio
943 833 1062 874 beati
1110 834 1219 885 Viti,
1271 835 1402 875 cuius
1449 836 1642 887 effigiem
1693 841 1782 877 tam

140 905 318 947 enormi
357 905 604 946 simulacro
638 905 908 957 figurabant.
972 906 1224 947 Obsidione
1265 918 1368 958 ergo
1411 908 1555 960 posita
1598 908 1786 949 iuuenes

141 978 196 1018 de
243 977 440 1018 exercitu
487 977 544 1017 ad
593 981 719 1030 porte
766 978 942 1018 aditum
981 983 1284 1030 accesserunt,
1331 992 1466 1033 quem
1508 980 1631 1020 ciues
1670 981 1784 1021 adeo

140 1049 283 1102 glebis
324 1049 657 1102 obstruxerant,
703 1053 750 1090 vt
793 1050 984 1091 omnino
1027 1050 1167 1091 nichil
1207 1051 1430 1091 timerent.
1494 1052 1620 1092 Vnus
1653 1052 1786 1104 igitur

141 1134 196 1162 ex
226 1121 304 1174 eis,
335 1125 381 1162 vt
413 1121 624 1173 creditur,
658 1121 932 1163 miraculose
964 1123 1166 1174 edoctus,
1199 1136 1277 1176 per
1302 1123 1456 1175 glebas
1485 1124 1784 1165 amminiculo

141 1193 373 1234 sociorum
419 1195 671 1235 ascendens
717 1195 890 1247 ignem,
944 1195 1020 1235 vbi
1073 1195 1157 1235 sibi
1205 1199 1486 1248 oportunum
1534 1195 1785 1248 videbatur,

140 1266 381 1320 imposuit3
428 1266 507 1321 qui
546 1267 722 1308 occulte
762 1271 804 1307 et
843 1267 1065 1320 paulatim
1107 1279 1329 1320 crescens,
1375 1271 1622 1321 antequam
1662 1268 1786 1309 ciues

141 1338 443 1390 aduerterent,
474 1339 635 1379 turrim
669 1343 797 1392 porte
829 1339 1031 1380 flammis
1063 1339 1153 1379 iam
1188 1340 1510 1393 compleuerat.
1573 1340 1785 1393 Dumque

140 1410 291 1463 ignem
339 1411 600 1463 extinguere
640 1415 928 1463 conarentur,
974 1412 1378 1464 impugnabantur,
1424 1412 1785 1465 imminebatque

140 1483 256 1536 ignis
289 1483 353 1524 eis
385 1496 439 1524 ex
470 1497 559 1525 vna
592 1488 717 1537 parte
750 1488 791 1524 et
823 1497 876 1525 ex
907 1484 995 1524 alia
1028 1484 1195 1535 hostis3
1243 1484 1397 1537 sicque
1437 1485 1581 1524 coacti
1626 1496 1785 1537 pacem

141 1556 368 1609 petebant,
414 1556 505 1609 regi
552 1557 827 1610 obsequium
874 1556 1202 1610 promittentes.
1266 1557 1358 1597 Rex
1404 1556 1539 1608 igitur
1580 1569 1655 1597 eos
1700 1557 1786 1597 hac

142 1628 236 1680 lege
267 1628 313 1668 in
347 1628 484 1669 fidem
517 1629 699 1682 recepit,
732 1633 790 1681 vt,
822 1629 960 1682 ydolo
993 1641 1097 1669 cum
1132 1629 1259 1669 omni
1292 1629 1485 1682 pecunia
1519 1629 1604 1669 sibi
1633 1629 1783 1669 oblata

140 1700 322 1753 tradito,
354 1701 562 1754 captiuos
589 1701 864 1742 christianos
890 1701 1058 1742 liberos
1083 1701 1361 1741 dimitterent
1385 1701 1558 1753 absque
1584 1701 1786 1754 redemp—

141 1772 286 1825 cione,
318 1773 548 1827 ritumque
581 1773 922 1814 christianitatis
956 1786 1082 1814 more
1109 1774 1345 1814 Danorum
1376 1777 1622 1824 seruarent,
1655 1784 1785 1824 agros

141 1849 183 1886 et
214 1849 343 1899 prata
374 1847 567 1887 deorum
599 1846 646 1886 in
679 1846 969 1887 sacerdotum
1000 1859 1134 1886 vsum
1174 1848 1504 1897 conuerterent,
1547 1848 1785 1899 essentque

142 1930 247 1958 cum
273 1918 471 1959 exercitu
499 1919 658 1972 parati,
687 1918 907 1972 quociens
932 1931 1009 1959 eos
1033 1931 1111 1958 rex
1134 1930 1298 1958 vocare
1315 1917 1552 1967 voluisset,
1585 1922 1784 1970 preterea

142 1991 383 2031 annuatim
437 1992 493 2031 de
546 1991 736 2042 singulis
785 1991 925 2031 boum
972 1990 1089 2042 iugis
1138 2002 1217 2030 .xL.
1265 1994 1501 2041 argenteos
1546 1990 1786 2030 redderent

143 2062 330 2104 nomine
368 2063 526 2104 tributi
566 2063 848 2116 totidemque
889 2063 1072 2103 obsides
1113 2062 1342 2102 traderent
1379 2062 1435 2101 ad
1477 2062 1784 2115 predictorum

142 2135 419 2176 firmitatem.
483 2135 696 2189 Sequenti
736 2135 808 2176 die
841 2135 1075 2175 Esbernus
1115 2138 1157 2174 et
1189 2134 1312 2174 Suno
1355 2134 1596 2174 mittuntur
1628 2147 1652 2174 a
1686 2145 1785 2185 rege

143 2207 201 2248 ad
233 2208 424 2260 ydolum
457 2208 809 2257 succidendum3
857 2207 935 2260 qui
974 2206 1205 2247 venientes
1237 2206 1435 2246 famulos
1468 2207 1556 2246 hoc
1587 2206 1786 2245 facturos

236 2340 269 2376 1.
303 2340 414 2386 piam
449 2340 487 2376 S.
565 2341 600 2375 2.
634 2339 938 2376 Swantouitum
971 2338 1135 2385 scripsi3
1182 2339 1319 2373 Vitum
1352 2337 1463 2373 codd.
1549 2336 1724 2373 Carolus
1758 2336 1785 2371 S

146 2396 180 2432 3.
212 2401 412 2443 corruege
438 2398 482 2434 V.
544 2398 579 2433 5.
612 2400 650 2432 et
676 2408 759 2432 non
787 2396 969 2431 alienum
995 2395 1070 2431 AS.
1134 2397 1168 2431 7.
1197 2395 1333 2441 pcidiu
1360 2395 1403 2430 V.
1466 2395 1574 2429 7-8.
1607 2394 1786 2440 predixit

144 2454 362 2490 victoriam
403 2455 437 2490 si
470 2454 692 2490 habiturus
724 2455 879 2497 essem)
911 2453 949 2488 S.
1041 2453 1074 2488 8.
1108 2452 1316 2488 adiutorio
1350 2451 1433 2496 VS;
1480 2451 1660 2486 adducto
1673 2449 1712 2498 (l)
1743 2451 1785 2486 A.

145 2512 181 2547 9.
227 2511 485 2548 simulachro
531 2511 612 2547 VA.
712 2510 854 2546 malim
902 2510 1202 2555 defigurabant.
1299 2518 1395 2554 ergo
1443 2509 1495 2551 V3
1541 2508 1666 2553 igitur
1711 2507 1785 2543 AS.

148 2570 209 2605 10.
243 2572 362 2615 porte
394 2567 498 2613 VS23
546 2571 611 2615 pte
644 2568 671 2603 S
702 2566 757 2615 (o:
791 2570 921 2613 porte,
958 2566 1027 2602 sed
1054 2569 1182 2611 potest
1213 2566 1332 2602 etiam
1366 2576 1446 2600 esse
1478 2567 1631 2611 parte).
1678 2567 1785 2611 ptem

145 2628 199 2671 (oz
241 2627 419 2673 partem)
462 2627 505 2662 A.
600 2626 660 2660 11.
701 2623 830 2670 glebis
878 2624 1118 2659 munierunt
1161 2626 1200 2658 vt
1241 2629 1335 2658 anio
1382 2624 1436 2667 (εκ
1478 2622 1637 2662 animo,
1683 2631 1784 2656 corr.

145 2693 195 2719 ex
232 2688 329 2719 oino
375 2694 416 2719 οι
458 2683 647 2725 omnino)
688 2681 727 2717 S.
824 2681 885 2716 12.
930 2680 1152 2724 mirasse(!)
1193 2680 1232 2715 S.
1327 2680 1385 2714 16.
1429 2679 1669 2723 iminebatqz
1711 2677 1787 2713 VS.

150 2765 211 2800 17.
243 2764 385 2799 hostes
413 2763 489 2799 AS.
557 2762 618 2797 19.
650 2761 789 2797 oblata
822 2760 869 2805 S3
902 2760 1038 2796 ablata
1064 2759 1118 2803 V;
1149 2734 1337 2804 ablucfffim
1367 2759 1408 2794 A.
1471 2758 1534 2793 20.
1568 2757 1718 2793 tradita
1745 2756 1788 2792 A.

147 2821 355 2856 dimittere
397 2821 440 2856 A.
530 2820 593 2855 22.
634 2818 967 2854 sacerdotiorum
1014 2816 1132 2852 Saxo.
1226 2817 1288 2852 23.
1329 2827 1423 2851 cum
1466 2826 1544 2850 om.
1586 2814 1626 2850 S.
1718 2824 1788 2848 rex

147 2878 354 2914 danorum
388 2877 426 2913 S.
489 2877 552 2912 24.
585 2876 691 2921 iugis
723 2875 849 2911 boum
883 2874 1010 2918 codd„
1049 2873 1117 2909 sed
1151 2872 1190 2908 in
1224 2873 1251 2908 S
1283 2873 1431 2908 additis
1464 2870 1788 2916 transpositionis

147 2931 287 2981 siquis,
335 2936 378 2970 ut
412 2934 525 2980 fieret
562 2933 689 2968 boum
729 2932 836 2978 iugis
875 2932 944 2976 (ita
984 2930 1115 2974 Saxo).
1207 2930 1429 2966 redderent
1462 2939 1538 2964 om.
1572 2927 1635 2963 AS
1678 2937 1787 2973 xpen-

148 2992 294 3028 derent
325 2990 455 3035 Saxo).

1814 988 1853 1017 10

1815 1348 1852 1378 15

1812 1709 1853 1739 20

1811 2070 1853 2100 25
