2150 3584
330 1009 372 1040 10

335 1372 374 1402 15

333 1733 376 1763 20

335 2122 377 2153 25

398 226 479 265 226
739 232 1013 263 sempronns
1048 233 1275 262 fflsromAE
1307 232 1483 261 DANICAE
1516 232 1715 261 MlNoREs

397 350 613 403 Vpsalem
646 348 959 401 sollempniter
991 351 1057 386 est
1090 348 1333 400 sepultum.
1396 347 1537 387 Cuius
1570 347 1771 387 coniunx
1803 347 2048 398 Gunnilda,

399 436 454 463 ne
496 422 535 462 ei
575 424 845 474 superesset,
893 432 939 459 se
982 419 1128 472 ipsam
1170 419 1289 460 ferro
1328 419 1553 459 interfecit
1598 431 1652 459 ac
1698 431 1802 459 cum
1847 418 1945 460 viro
1985 423 2051 460 est

399 495 587 547 sepulta.
638 492 778 544 Igitur
810 505 915 532 cum
948 492 1094 532 victor
1128 492 1366 543 Hadingus
1399 491 1446 531 in
1479 491 1649 532 Swecia
1684 495 1901 543 maneret,
1933 492 2050 544 Vffo,

398 567 520 606 filius
568 566 679 606 alter
725 565 974 615 Asmundi,
1022 565 1067 604 in
1117 564 1314 604 Daniam
1363 563 1609 604 exercitum
1657 563 1815 614 trahit,
1869 568 2054 617 propter

399 640 521 691 quod
551 637 668 678 Dani
699 638 755 677 ad
789 636 1075 677 defendenda
1109 636 1293 690 propria
1326 635 1473 676 redire
1506 640 1613 675 sunt
1644 636 1884 688 compulsi.
1934 636 2050 677 Cum

399 714 553 751 autem
602 709 840 761 Hadingus
892 710 947 749 de
995 708 1167 749 Swecia
1221 721 1434 749 reuersus
1492 708 1692 748 erarium
1747 722 1882 748 suum
1931 708 2050 749 furto

399 784 619 824 violatum
653 785 868 832 cerneret,
901 782 1138 821 custodem
1173 781 1269 821 eius
1299 781 1568 821 Glumerum
1602 780 1841 833 suspendit
1872 781 2053 821 callide-

400 868 487 908 que
534 854 691 905 edixit,
738 858 803 905 vt,
851 853 929 907 qui
976 853 1148 893 furtum
1195 853 1398 905 referret,
1446 853 1634 893 honoris
1682 854 1858 905 locum,
1913 866 2049 907 quem

401 928 643 968 Glumerus
676 927 913 976 habuerat,
947 926 1182 979 optineret.
1243 927 1347 977 Quo
1380 926 1609 979 promisso
1641 925 1829 965 allectus
1861 925 2050 979 quidam

398 1013 581 1040 reorum
615 999 860 1052 pecuniam
892 998 1156 1051 reportauit.
1209 998 1350 1039 Cuius
1384 998 1509 1051 socij,
1542 998 1768 1038 credentes
1799 1011 1904 1038 eum
1938 998 2052 1038 bene

399 1072 599 1124 graciam
655 1071 875 1124 principis
930 1071 1164 1121 meruisse,
1227 1075 1269 1111 et
1322 1070 1410 1124 ipsi
1464 1070 1684 1124 pecunias
1737 1069 2051 1123 reportabant3

400 1157 598 1197 quorum
631 1143 858 1184 confessio
891 1143 1041 1196 primo
1074 1148 1140 1184 est
1171 1143 1428 1184 honoribus
1460 1147 1659 1196 excepta,
1694 1142 1857 1182 deinde
1884 1142 2053 1195 suppli-

400 1217 482 1257 ciis
515 1221 580 1257 est
613 1216 786 1269 punita.

488 1290 560 1329 IX.
639 1289 801 1329 Postea
856 1301 994 1329 verno
1047 1292 1252 1341 tempore
1301 1288 1540 1340 Hadingus
1596 1300 1700 1328 cum
1758 1287 1955 1328 exercitu
2005 1287 2052 1326 in

403 1362 622 1403 Sweciam
666 1365 731 1400 est
769 1373 994 1411 reuerSUS,
1043 1360 1118 1401 vbi
1159 1360 1400 1401 militando
1439 1360 1643 1414 quinque
1682 1373 1830 1400 annos
1871 1359 2051 1412 peregit.

403 1434 634 1474 Incidente
660 1437 812 1473 autem
839 1432 959 1472 fame
985 1433 1151 1473 milites
1178 1433 1327 1486 primo
1355 1432 1504 1484 fungis
1531 1432 1818 1472 siluestribus
1843 1445 1925 1485 pro
1950 1431 2053 1472 cibo

403 1506 469 1545 vsi
516 1505 719 1554 fuerunt3
767 1506 953 1545 tandem
1002 1505 1194 1558 equinas
1238 1517 1412 1556 carnes,
1459 1505 1517 1545 ad
1565 1505 1777 1546 vltimum
1824 1489 2054 1559 <cani11as>

403 1582 444 1618 et
483 1578 628 1618 eciam
671 1578 901 1617 humanas
945 1578 1261 1618 comedebant.
1325 1578 1539 1628 Quadam
1583 1581 1736 1618 autem
1778 1580 1910 1617 nocte
1950 1589 2055 1617 con-

402 1650 542 1702 gressi
582 1653 688 1690 sunt
727 1650 950 1691 exercitus
985 1650 1183 1702 Hadiugi
1226 1654 1267 1690 et
1301 1650 1490 1701 Vffonis,
1537 1650 1775 1704 victusque
1816 1649 2054 1702 Hadingus

402 1723 448 1763 in
484 1722 766 1775 Helsingiam
799 1722 932 1774 fugit,
969 1723 1045 1763 vbi
1078 1735 1183 1763 culn
1218 1736 1296 1775 pre
1328 1723 1507 1763 feruore
1540 1722 1648 1763 solis
1683 1734 1850 1775 corpus
1881 1722 2054 1762 lauaret

402 1808 522 1848 aqua
562 1795 716 1846 maris,
763 1795 958 1835 inauditi
999 1795 1175 1847 generis
1219 1795 1401 1835 beluam
1444 1794 1669 1835 interfecit
1714 1807 1768 1835 ac
1813 1794 1861 1834 in
1907 1798 2054 1835 castra

402 1867 624 1920 perduxit.
689 1868 792 1918 Quo
825 1868 943 1908 facto
977 1869 1175 1920 quedam
1210 1868 1374 1908 mulier
1406 1868 1444 1908 ei
1478 1867 1673 1908 obuians
1705 1867 1770 1908 sic
1801 1867 1883 1908 ait:

652 1981 730 2017 Seu
763 1981 867 2026 pede
900 1992 998 2016 rura
1033 1984 1155 2025 teras,
1187 1991 1259 2016 seu
1294 1984 1423 2027 ponto
1455 1982 1631 2017 carbasa
1664 1981 1822 2024 tendas,

651 2049 825 2085 infestos
861 2050 1026 2096 paciere
1059 2049 1172 2094 deos,
1206 2053 1425 2095 totumque
1458 2060 1533 2096 per
1565 2050 1710 2086 orbem

653 2118 882 2164 propositis
916 2118 1085 2154 inimica
1119 2119 1200 2154 tuis
1233 2118 1439 2154 elementa
1471 2118 1643 2155 videbis.

493 2273 524 2306 1.
556 2271 743 2317 vpsalam
765 2272 818 2315 D;
850 2272 1052 2318 vpsalian]
1073 2272 1113 2308 S.
1177 2272 1374 2307 soleniter
1394 2272 1471 2309 DS.
1535 2273 1624 2308 eius
1647 2272 1831 2308 coniunx
1849 2272 1894 2307 D.
1955 2280 2053 2316 gun-

402 2328 527 2363 wilda
546 2328 585 2364 S.
650 2330 685 2365 2.
713 2329 804 2364 neci
829 2327 925 2376 (pro
951 2340 1001 2364 ne
1026 2327 1079 2376 ei)
1095 2329 1140 2365 V.
1205 2331 1240 2365 4.
1270 2328 1441 2365 alterius
1462 2327 1525 2365 D2.
1588 2330 1609 2364 7
1629 2329 1717 2366 019.
1749 2338 1983 2375 gunnerum
2002 2327 2054 2373 A;

402 2395 607 2430 gunarum
629 2386 668 2422 S.
734 2387 792 2420 7-
808 2387 842 2422 8.
865 2386 1084 2432 calideque
1103 2387 1184 2422 DV.
1261 2387 1295 2423 9.
1314 2387 1522 2423 obtineret
1540 2388 1570 2422 A
1593 2385 1663 2434 (ita
1680 2386 1827 2432 soepius
1846 2383 2054 2433 υανίαἰιιν).

403 2442 560 2478 alectus
578 2443 689 2479 codd.
734 2444 793 2479 10.
813 2444 1030 2479 credentes
1046 2442 1418 2489 Sax03credebant
1435 2444 1546 2480 codd.
1592 2445 1652 2480 11.
1674 2444 1876 2479 meruisse
1892 2442 2054 2488 εει-ἰωὴ

403 2500 605 2535 interesse
636 2500 747 2536 codd.
810 2501 1032 2547 pecuniam
1062 2501 1105 2537 D.
1171 2501 1232 2537 12.
1268 2501 1403 2547 prima
1429 2502 1472 2536 A.
1534 2504 1704 2547 accepta
1722 2501 1765 2536 A.
1830 2502 1891 2536 14.
1923 2510 2053 2535 verno

402 2556 545 2602 scripsi
574 2554 720 2605 (verno
747 2556 992 2605 soleSdaeo);
1026 2568 1124 2593 vero
1150 2558 1261 2594 codd.
1323 2562 1513 2604 tempore
1545 2569 1622 2593 om.
1641 2558 1716 2594 AS.
1779 2558 1841 2593 15.
1875 2558 1995 2593 annis
2014 2557 2054 2592 S.

408 2614 468 2649 16.
521 2614 740 2649 incedente
789 2615 832 2651 A.
918 2615 975 2651 17.
1022 2615 1194 2650 caninas
1242 2615 1383 2651 addidi
1428 2626 1477 2650 ex
1514 2615 1684 2660 Saxone,
1735 2614 1776 2650 in
1814 2614 1950 2651 ceteris
1990 2613 2053 2650 AS

403 2673 576 2715 secutus,
624 2671 675 2706 ad
717 2683 750 2707 v.
790 2673 921 2707 eciam
964 2672 1139 2718 equinas
1179 2682 1227 2707 ac
1266 2673 1378 2708 hum.
1428 2684 1460 2709 c.
1502 2673 1556 2717 V,
1602 2672 1653 2707 ad
1701 2683 1736 2710 v.
1785 2683 1868 2707 non
1916 2671 2052 2707 solum

404 2728 578 2772 equInas
612 2729 683 2764 sed
717 2732 756 2764 et
787 2729 900 2764 hum.
933 2739 964 2765 c,
1000 2730 1044 2765 D.
1110 2729 1173 2765 20.
1209 2740 1302 2765 cum
1341 2730 1464 2775 DVS,
1504 2733 1642 2764 tamen
1675 2730 1719 2764 A.
1797 2740 1872 2775 pre
1903 2739 1980 2765 om.
2014 2727 2053 2764 S.

405 2784 564 2820 lauaret
595 2796 622 2821 3.
657 2796 688 2820 ι).
721 2786 813 2822 add.
845 2785 936 2830 fort.
972 2785 1035 2829 Dl,
1082 2798 1159 2822 om.
1193 2786 1306 2822 VAS.
1387 2787 1448 2822 21.
1482 2797 1589 2832 aqua
1623 2797 1700 2822 om.
1733 2786 1776 2822 A.
1862 2786 1925 2822 22.
1960 2795 2053 2832 pro-

405 2841 520 2876 duxit
552 2842 689 2885 codd.;
734 2843 900 2878 correxi,
988 2844 1024 2878 ei
1057 2844 1181 2880 obvia
1214 2844 1274 2879 sic
1306 2844 1362 2879 ait
1395 2844 1477 2887 DV,
1521 2843 1589 2879 sed
1617 2845 1709 2888 post
1739 2843 1909 2878 obuiam
1945 2842 1985 2877 1‘11
2020 2842 2052 2877 D

406 2899 575 2933 veniens
599 2910 626 2933 3.
654 2910 684 2934 ι).
711 2899 802 2934 add.
828 2910 880 2935 m.
911 2899 956 2943 2,·
988 2900 1074 2936 sine
1105 2901 1227 2936 dubio
1259 2900 1400 2936 scribd.
1434 2902 1507 2936 est:
1542 2900 1577 2936 ei
1610 2900 1808 2945 obuians;
1840 2900 1875 2935 ei
1909 2899 2054 2935 obuiat

405 2955 464 2989 sic
496 2955 638 2990 dicens
673 2956 722 2997 A;
769 2956 913 2991 obuiat
945 2957 979 2991 ei
1015 2958 1074 2992 sic
1107 2958 1249 2994 dicens
1283 2958 1322 2993 S.
1416 2957 1477 2993 23.
1513 2961 1619 2992 teres
1650 2958 1693 2993 V.
1785 2958 1849 2992 24.
1882 2956 2053 2992 infestas

408 3012 587 3059 patrieffl)
620 3013 660 3048 A.
725 3014 787 3048 25.
823 3013 1024 3049 elementa
1061 3015 1141 3050 tuis
1176 3015 1342 3050 inimica
1379 3015 1454 3050 AS.
1519 3014 1674 3049 videbit
1708 3015 1749 3050 A.
