2150 3584
59 1050 99 1081 10

55 1412 95 1444 15

50 1775 91 1806 20

48 2135 90 2167 25

46 2496 88 2529 30

266 173 484 201 SVENONIS
517 173 708 201 AGGONlS
741 173 845 200 F11211
880 172 1038 201 Bnssws
1072 173 1282 201 fflsronm
1317 174 1466 201 [imvm
1502 175 1632 202 DAClE
1697 165 1774 203 103

933 284 971 345 S

131 392 415 445 inuestigare,
463 392 565 433 Uffo
605 392 806 444 singulos
846 392 1002 432 dextra
1043 391 1231 432 uibrans
1278 393 1323 432 in
1364 398 1513 446 partes
1553 395 1773 448 confregit

131 464 473 505 minutissimas
526 465 762 505 »Haeccine
789 477 916 505 arma
949 467 1098 516 sunt«,
1131 463 1291 518 inquit,
1329 466 1520 520 »quibus
1554 471 1595 507 et
1627 468 1769 508 uitam

130 541 171 577 et
200 536 324 589 regni
357 537 518 578 tuebor
550 537 824 577 honorem‘?«
891 535 1032 577 Cuius
1068 549 1173 577 cum
1206 540 1332 589 pater
1364 537 1569 578 uiuidam
1603 541 1771 593 experi-

128 613 249 650 retur
280 608 514 649 uirtutem:
567 609 789 650 »Unicum
822 609 997 649 adhuc«
1042 608 1104 649 ait
1148 612 1214 649 »et
1256 609 1380 661 regni
1422 614 1463 650 et
1496 611 1585 651 uite
1619 617 1769 654 nostre

129 684 333 735 superest
370 682 590 735 asylum.«
654 682 721 722 Ad
761 681 994 722 tumulum
1040 681 1192 734 itaque
1239 682 1457 721 ducatum
1506 685 1770 736 postulauit,

128 753 173 794 in
220 766 311 808 quo
358 754 484 807 prius
530 766 798 794 mucronem
843 752 1286 806 experientissimum
1331 754 1650 796 occultauerat.
1716 758 1770 797 Et

127 839 234 867 mox
279 825 555 878 intersigniis
602 839 681 879 per
724 830 954 879 petrarum
996 829 1127 866 notas
1170 825 1358 866 edoctus
1398 826 1599 878 gladium
1640 828 1770 869 iussit

127 897 262 939 effodi
294 898 722 951 prestantissimum.
786 898 934 949 Quem
974 897 1096 938 illico
1136 898 1291 938 dextra
1333 899 1605 951 corripiens:
1658 902 1769 942 »Hic

125 974 231 1021 est«,
277 970 352 1023 ait,
395 971 498 1023 »fili,
538 984 629 1025 quo
662 983 906 1011 numerose
938 969 1236 1023 triumphaui,
1276 974 1318 1010 et
1349 970 1428 1024 qui
1460 971 1573 1012 mihi
1606 973 1768 1014 infalli-

124 1043 213 1084 bile
259 1056 439 1097 semper
483 1047 688 1084 tutamen
733 1043 914 1084 extitit«
994 1042 1050 1082 Et
1095 1043 1179 1083 hec
1225 1042 1382 1083 dicens
1429 1045 1625 1085 eundem
1673 1046 1767 1088 filio

123 1115 411 1157 contradidit.

208 1188 301 1229 Nec
346 1201 494 1229 mora:
556 1188 780 1229 terminus
837 1200 938 1228 ecce
993 1187 1306 1240 congressioni
1352 1189 1553 1242 prefixus
1599 1192 1767 1233 arctius

121 1260 331 1301 instabat.
389 1261 594 1301 Tandem
629 1259 968 1301 confluentibus
1000 1260 1203 1314 undique
1234 1261 1476 1313 phalangis
1507 1262 1766 1305 innumera-

122 1333 303 1386 bilibus,
335 1333 381 1373 in
401 1332 578 1384 Egdore
609 1332 815 1373 fluminis
848 1332 1108 1372 mediamne
1133 1332 1262 1373 locus
1285 1345 1436 1386 pugne
1459 1336 1764 1390 constituitur,

120 1409 169 1446 ut
212 1405 272 1446 ita
320 1409 595 1459 pugnatores
641 1404 699 1445 ab
753 1404 991 1458 utriusque
1045 1408 1170 1445 cetus
1216 1405 1499 1447 adminiculo
1547 1409 1764 1461 segregati

120 1478 290 1519 nullius
313 1478 613 1532 opitulatione
638 1477 944 1530 fungerentur.
993 1477 1254 1518 Teotonicis
1286 1489 1390 1530 ergo
1416 1480 1533 1519 ultra
1558 1480 1764 1522 fluminis

118 1550 265 1604 ripam
313 1550 360 1590 in
409 1550 614 1591 Holsatia
661 1549 1027 1602 considentibus,
1075 1549 1218 1590 Danis
1265 1564 1374 1592 uero
1422 1552 1532 1592 citra
1578 1565 1759 1594 amnem

118 1622 369 1676 dispositis,
416 1636 494 1664 rex
540 1623 691 1676 pontis
737 1622 783 1662 in
831 1621 982 1663 medio
1030 1623 1185 1663 sedem
1232 1623 1381 1676 elegit,
1428 1628 1675 1678 quatenus,
1726 1626 1761 1666 si

119 1695 378 1748 unigenitus
418 1695 722 1747 occumberet,
768 1695 814 1735 in
855 1694 1061 1735 fluminis
1109 1708 1155 1735 se
1198 1696 1420 1748 gurgitem
1460 1697 1762 1751 precipitaret,

117 1781 173 1809 ne
213 1767 380 1821 pariter
417 1771 524 1809 nato
564 1768 752 1809 orbatus
792 1771 833 1808 et
863 1778 1001 1819 regno
1034 1780 1140 1808 cum
1172 1769 1329 1809 dolore
1362 1773 1589 1823 superstes
1621 1783 1762 1812 canos

116 1840 359 1881 deduceret
403 1841 461 1880 ad
507 1839 688 1881 inferos.
753 1839 928 1881 Deinde
967 1840 1146 1881 emissis
1188 1841 1402 1896 utrinque
1443 1842 1674 1894 pugilibus
1712 1844 1759 1884 in

117 1912 267 1953 medio
300 1925 434 1954 amne
466 1917 794 1954 conuenerunt.
849 1913 929 1953 Ast
960 1912 1039 1953 ubi
1072 1913 1204 1953 miles
1228 1918 1390 1958 ,noster
1421 1915 1624 1967 egregius
1658 1916 1759 1957 Uffo

116 1985 232 2026 duos
271 1985 358 2026 sibi
400 1985 636 2039 conspexit
674 1998 925 2037 occurrere,
971 1989 1193 2039 tanquam
1234 1986 1303 2026 leo
1345 1990 1526 2039 pectore
1568 1988 1758 2029 robusto

114 2056 369 2110 infremuit,
430 2057 677 2111 animoque
730 2057 959 2099 constanti
1011 2058 1194 2098 duobus
1248 2058 1400 2099 electis
1451 2060 1667 2100 audacter
1713 2074 1759 2101 se

116 2142 346 2183 opponere
379 2143 471 2171 non
505 2129 784 2182 detrectauit,
823 2129 900 2170 illo
933 2130 1109 2170 cinctus
1141 2143 1375 2183 mucrone,
1413 2144 1548 2185 quem
1583 2136 1756 2185 patrem

115 2214 250 2255 supra
307 2202 604 2243 meminimus
657 2202 933 2251 occuluisse,
995 2206 1038 2242 et
1090 2203 1283 2243 alterum
1340 2204 1496 2244 dextra
1551 2204 1757 2245 strictum

114 2277 306 2326 gestans.
370 2274 497 2325 Quos
530 2287 635 2315 cum
669 2274 870 2328 primum
904 2274 1069 2315 obuios
1100 2275 1348 2324 habuisset,
1392 2275 1456 2316 sic
1494 2276 1757 2327 singillatim

114 2349 358 2400 utrumque
391 2347 658 2400 alloquitur3
708 2351 762 2399 et,
809 2347 933 2401 quod
972 2360 1076 2388 raro
1116 2347 1276 2399 legitur
1308 2348 1541 2401 accidisse,
1588 2350 1757 2390 athleta

113 2422 265 2459 noster
309 2418 688 2471 elegantissimus,
735 2419 865 2460 cuius
913 2419 1134 2460 memoria
1175 2420 1222 2460 in
1264 2423 1468 2461 eternum
1510 2434 1601 2461 non
1642 2422 1757 2462 dele-

114 2490 247 2544 bitur,
293 2491 354 2531 ita
396 2491 686 2532 aduersarios
718 2491 955 2532 animabat
986 2492 1043 2532 ad
1075 2503 1296 2545 pugnam:
1363 2492 1433 2534 »Si
1465 2497 1548 2545 te«,
1595 2494 1756 2547 inquit,

117 2562 264 2615 »regni
310 2563 453 2604 nostri
500 2563 702 2604 stimulat
749 2563 962 2614 ambitio,
1017 2568 1066 2603 ut
1120 2568 1273 2605 nostre
1319 2565 1419 2618 opis
1466 2566 1756 2620 potentieque

112 2647 344 2690 opumque
390 2648 626 2689 capessere
672 2636 787 2676 uelis
829 2636 1100 2689 opulentias,
1148 2637 1410 2678 comminus
1456 2642 1498 2678 te
1545 2639 1754 2679 clientem

112 2707 238 2748 decet
268 2709 522 2761 precedere,
554 2712 604 2749 ut
634 2712 676 2748 et
701 2708 825 2760 regni
851 2708 916 2748 tui
942 2708 1162 2749 terminos
1187 2710 1441 2763 amplifices
1466 2715 1507 2751 et
1533 2710 1755 2751 militibus

114 2847 175 2883 16.
221 2857 333 2884 cura.
442 2849 605 2885 19-20.
652 2859 745 2884 cum
795 2848 941 2884 dolore
974 2878 980 2884 .
1013 2879 1018 2885 .
1051 2848 1228 2896 inferos,
1284 2850 1354 2896 cfr.
1404 2851 1539 2887 Genes.
1589 2850 1652 2896 42,
1686 2850 1751 2888 38.

113 2903 176 2940 21.
211 2904 380 2941 scilicet.
472 2906 536 2942 22.
568 2905 784 2941 infremuit
816 2905 893 2950 leo,
932 2904 999 2942 Sil.
1034 2906 1118 2942 Ital.
1152 2906 1214 2952 XI,
1247 2907 1340 2945 247.
1432 2908 1495 2944 23.
1528 2919 1753 2947 occurrere

111 2957 205 3008 (pro
251 2960 496 3010 cocurrere).
599 2963 663 2999 27.
710 2962 933 2999 audiuisse.
1026 2964 1089 3000 28.
1135 2964 1177 2999 in
1224 2967 1414 3002 eternum
1463 2977 1499 3001 n.
1546 2965 1635 3010 del,
1681 2964 1751 3012 cfr.

111 3016 236 3054 Exod.
272 3019 333 3065 17,
355 3019 424 3064 14;
457 3019 604 3056 Psalm.
638 3021 673 3065 9,
694 3021 726 3056 6.
800 3020 864 3056 30.
898 3030 1010 3068 opes.
