2150 3584
553 205 847 236 COMPENDIVM
880 205 1078 237 SAxoNJs.
1133 207 1215 237 mn.
1248 208 1342 237 xnn
1685 200 1763 241 407

117 322 275 363 lancea
309 321 565 368 transfodit,
603 322 916 374 clamansque,
958 334 1004 361 se
1036 333 1185 373 regem
1220 323 1455 376 occidisse,
1496 325 1766 366 hortabatur

117 394 230 435 alios
269 394 327 434 ad
368 393 565 434 militum
609 393 983 434 internecionem.
1047 394 1268 435 Militibus
1315 395 1593 447 fugientibus
1642 398 1766 438 solus

119 466 280 507 Ericus
307 466 453 506 Lamb
485 479 728 507 remanens
760 466 838 506 diu
872 478 954 519 pro
985 477 1087 518 rege
1120 467 1265 507 eciam
1298 472 1480 509 mortuo
1513 469 1765 510 dimicauit.

203 645 303 686 ΙΙΙΙ.
376 610 540 688 Erico
574 649 756 686 mortuo
789 645 991 699 populus
1022 645 1386 699 waldemarum,
1433 647 1580 688 filium
1622 650 1765 690 sancti

119 718 287 759 Kanuti
319 718 464 770 ducis,
495 729 646 771 regem
671 717 862 770 fecisset,
896 717 933 758 si
965 730 1058 759 non
1086 718 1215 758 etatis
1239 718 1482 761 infirmitas
1505 721 1763 763 obstitisset.
1792 731 1811 760 5

117 791 257 843 Igitur
294 802 445 844 regem
486 794 759 832 creauerunt
790 790 963 831 dictum
999 790 1226 831 Ericum
1261 791 1451 842 Lamb,
1495 793 1559 834 sic
1591 794 1761 834 dictum

116 876 171 904 ex
203 863 571 915 mansuetudine,
618 863 784 916 prioris
817 862 939 903 Erici
977 876 1032 904 ex
1071 863 1165 903 filia
1204 868 1429 917 nepotem.
1494 866 1578 907 Hic
1618 871 1765 920 preter

115 935 259 976 animi
306 935 621 977 fortitudinem
668 935 799 989 quasi
840 935 1017 976 nullam
1055 936 1208 976 dotem
1250 948 1274 976 a
1314 940 1475 977 natura
1515 944 1763 992 acceperat,

115 1008 366 1062 prudencia
399 1021 558 1049 carens
591 1011 632 1049 et
664 1007 945 1061 eloquencia.
995 1007 1081 1048 Hic
1112 1009 1226 1049 adeo
1257 1008 1416 1049 salutis
1441 1023 1521 1050 sue
1545 1011 1763 1064 prodigus

116 1085 224 1133 erat,
271 1085 317 1122 vt
355 1081 529 1122 bellum
570 1080 903 1121 commissurus
944 1081 1069 1121 solus
1113 1081 1160 1121 in
1207 1081 1360 1121 hostes
1399 1086 1561 1135 rueret,
1607 1084 1696 1124 nisi
1737 1094 1830 1125 alo

115 1152 210 1194 suis
252 1153 581 1194 obseruaretur.
644 1153 710 1194 Eo
757 1157 962 1206 tempore
1005 1154 1240 1205 Olauus,
1289 1153 1478 1194 Haraldi
1526 1155 1661 1208 filius,
1708 1156 1762 1197 de

114 1225 351 1278 Norwegia
392 1239 617 1278 reuersus,
664 1225 833 1266 habitis
873 1225 1009 1267 sociis
1047 1226 1193 1266 voluit
1230 1238 1382 1279 regem
1429 1228 1604 1268 occulte
1650 1229 1762 1282 peri—

114 1311 248 1339 mere.
312 1298 526 1349 Quadam
571 1298 708 1351 igitur
753 1301 885 1339 nocte
931 1309 1033 1350 rege
1075 1299 1118 1338 in
1162 1300 1366 1352 quodam
1408 1300 1616 1353 hospicio
1663 1301 1762 1342 dor-

113 1370 295 1424 miente,
327 1370 615 1424 superuenit3
648 1371 726 1411 sed
759 1370 816 1410 ab
849 1370 1193 1412 excubitoribus
1223 1375 1287 1412 est
1312 1372 1535 1425 repulsus.
1584 1373 1761 1414 Olauus

111 1443 248 1495 igitur
288 1444 335 1484 in
368 1443 581 1484 Scaniam
623 1443 749 1495 fugit,
795 1443 951 1496 ibique
991 1444 1216 1497 populum
1255 1444 1494 1497 alloquens
1538 1449 1579 1485 et
1619 1446 1758 1486 multa
1789 1457 1829 1487 15

112 1515 385 1569 promittens
424 1515 471 1556 in
510 1526 660 1568 regem
695 1519 761 1556 est
791 1516 973 1556 electus.
1036 1516 1172 1566 Quod
1204 1516 1389 1568 indigne
1428 1516 1577 1558 ferens
1617 1518 1757 1559 archi-

112 1589 355 1642 episcopus
395 1588 598 1629 Eskillus
644 1592 803 1629 contra
844 1601 949 1629 eum
996 1600 1102 1628 cum
1144 1589 1468 1630 Lundensibus
1516 1591 1759 1643 pugnauit3

112 1661 190 1701 sed
216 1661 274 1702 ab
300 1674 352 1702 eo
376 1661 523 1702 victus
542 1661 772 1701 Lundiam
798 1661 922 1713 fugit,
954 1660 1109 1714 ibique
1141 1674 1221 1714 per
1252 1661 1541 1702 obsidionem
1574 1667 1760 1703 coactus

112 1733 236 1774 dedit
267 1734 417 1775 Olauo
455 1733 638 1774 obsides
671 1746 725 1774 ac
755 1733 1065 1774 iuramentum
1099 1734 1155 1773 de
1187 1733 1276 1774 fide
1308 1735 1547 1776 seruanda.
1610 1735 1760 1777 Disce-

111 1809 244 1849 dente
286 1794 477 1862 <autem>
519 1808 669 1849 Olauo
709 1811 867 1849 contra
905 1807 1217 1847 iuramentum
1264 1807 1347 1848 iuit
1392 1808 1438 1849 in
1479 1808 1758 1850 Sialendiam
1785 1819 1827 1850 20

111 1881 168 1920 ad
194 1880 392 1921 Ericum.
442 1880 525 1922 Cui
552 1881 712 1922 Ericus
745 1879 977 1921 commisit
1009 1879 1271 1932 exercitum,
1303 1884 1349 1921 vt
1380 1881 1539 1922 iterato
1572 1881 1759 1922 bellaret

110 1957 267 1993 contra
311 1953 536 2004 Olauum3
583 1954 661 1994 sed
709 1957 751 1994 et
795 1957 918 2004 tunc,
967 1951 1081 1992 sicut
1123 1952 1264 2005 prius,
1311 1952 1549 1993 victoriam
1593 1954 1756 1995 amisit.

111 2025 251 2077 Igitur
287 2029 472 2079 propter
514 2026 629 2066 duas
668 2024 882 2066 victorias
915 2024 1092 2066 Olauus
1136 2025 1279 2065 elatus
1320 2025 1441 2066 bona
1484 2026 1686 2079 episcopi
1718 2031 1760 2067 et

109 2097 224 2149 regis
255 2097 565 2139 indifferenter
596 2097 837 2151 spoliabat,
885 2110 937 2138 ac
976 2096 1023 2137 in
1063 2097 1390 2138 contumeliam
1423 2098 1757 2152 archiepiscopi

110 2171 343 2223 quendam
376 2170 520 2210 alium
553 2170 757 2211 eiusdem
791 2169 994 2210 nominis
1027 2170 1180 2223 posuit
1210 2169 1257 2209 in
1290 2170 1396 2210 sede
1428 2170 1546 2220 eius3
1594 2171 1758 2211 deinde
1785 2183 1826 2213 25

108 2245 330 2295 tanquam
370 2255 559 2283 securus
599 2242 694 2283 sine
735 2242 876 2282 armis
915 2254 995 2295 per
1043 2242 1255 2283 Scaniam
1295 2242 1557 2294 vagabatur.
1621 2242 1757 2293 Quod

110 2313 271 2354 Ericus
324 2314 580 2367 intelligens
634 2314 790 2368 paruis
846 2313 1043 2366 nauigiis
1090 2314 1136 2354 in
1184 2314 1395 2354 Scaniam
1444 2318 1575 2355 nocte
1622 2315 1756 2365 venit,

109 2386 355 2440 elapsoque
387 2387 538 2428 Olauo
577 2390 775 2440 quatuor
817 2386 1091 2427 fortissimos
1124 2385 1221 2427 eius
1255 2386 1404 2427 socios
1437 2391 1594 2440 captos
1626 2386 1757 2440 aquis

195 2496 231 2532 2.
267 2496 598 2533 internecionem
631 2495 697 2532 VS
735 2494 885 2544 (Saxo),
930 2495 999 2531 sed
1039 2495 1079 2531 in
1113 2496 1147 2531 V
1185 2506 1287 2531 corr.
1326 2495 1366 2531 in
1400 2496 1756 2537 interemcionem,

111 2555 155 2589 ut
184 2553 273 2599 vid„
323 2555 364 2590 in
397 2554 425 2590 S
459 2553 499 2589 in
531 2553 870 2597 internicionem3
916 2552 1291 2599 interempcionem
1324 2554 1367 2588 Α.
1445 2552 1480 2589 3.
1513 2552 1608 2588 Post
1638 2553 1755 2588 dimi-

109 2611 221 2646 cauit
255 2610 294 2646 in
328 2612 361 2647 V
394 2611 561 2646 additur
589 2608 809 2659 etc(etera)‚
857 2611 1015 2645 tantum
1057 2609 1110 2645 ad
1150 2620 1308 2645 versum
1349 2609 1606 2656 explendum,
1656 2609 1757 2644 sicut

111 2667 151 2703 in
186 2667 214 2703 S
246 2668 461 2704 identidem
496 2668 537 2703 in
567 2667 651 2713 fine
681 2667 860 2713 capitum
892 2666 1059 2702 addilur
1085 2679 1128 2700 00
1153 2678 1207 2702 00.
1243 2687 1281 2691 ——
1317 2667 1351 2702 4.
1383 2667 1597 2712 Inscriptio
1630 2667 1670 2702 in
1703 2667 1753 2702 A:

111 2724 169 2760 De
201 2725 308 2772 Rege
336 2726 459 2761 Erico
491 2725 616 2766 lamb,
647 2726 684 2760 et
714 2724 756 2760 in
789 2735 936 2769 maro:
968 2733 1106 2759 xcvm.
1140 2723 1279 2759 Eriick
1312 2723 1424 2759 lamb
1455 2723 1606 2759 eriicks
1641 2725 1755 2759 foster

112 2782 191 2817 son.
231 2803 272 2808 —
315 2783 350 2818 5.
383 2782 622 2818 obstetisset
654 2781 693 2817 S.
780 2782 813 2817 6.
847 2780 959 2816 lamb
992 2781 1150 2816 ericum
1183 2781 1226 2816 Α.
1311 2780 1344 2816 7.
1378 2780 1609 2827 superioris
1643 2781 1752 2816 Erici

109 2837 229 2874 Saxo.
292 2840 327 2875 9.
358 2849 506 2875 carens
539 2849 617 2874 om.
649 2838 725 2874 AS.
790 2838 852 2874 11.
886 2840 1129 2873 seruaretur
1159 2837 1283 2882 codd„
1316 2837 1474 2872 correxi
1504 2847 1553 2872 ex
1582 2837 1752 2873 Saxone.

109 2895 229 2931 olaus
252 2896 491 2942 plerumque
508 2896 549 2939 S,
581 2895 782 2931 interdum
810 2895 982 2931 olawus.
1049 2894 1109 2930 15.
1136 2894 1313 2930 multum
1336 2894 1375 2930 S.
1439 2895 1500 2930 16.
1525 2894 1692 2940 indigne
1709 2895 1752 2930 Α.

114 2953 174 2988 18.
220 2948 324 2989 Ιυηὸ
370 2953 482 2989 codd.
530 2952 646 2988 solito
689 2951 948 2998 compendio‚·
1007 2949 1115 2986 Saxo
1172 2950 1309 2986 urbem
1368 2951 1570 2986 Lundiam
1629 2953 1752 2987 vocat.

109 3008 268 3056 fugauit
295 3009 372 3046 As.
463 3014 633 3045 coactus
666 3019 744 3044 om.
780 3009 818 3045 S.
913 3009 974 3044 19.
1006 3012 1044 3044 et
1074 3008 1357 3043 iuramentum
1392 3008 1466 3044 AS.
1557 3008 1619 3044 20.
1660 3012 1754 3043 aute

109 3066 259 3102 addidi.
337 3067 592 3102 t'iallandiam
626 3067 654 3102 S
687 3066 727 3101 in
760 3065 838 3101 hac
865 3067 982 3111 parte
1012 3066 1171 3111 saepius.
1232 3066 1295 3101 24.
1327 3064 1526 3111 spoliauit
1558 3065 1598 3101 S.

1483 3144 1549 3176 ’.27ΐὲε
