2150 3584
64 1435 104 1466 10

64 1797 103 1828 15

63 2159 104 2191 20

457 190 674 219 SVENONIS
706 189 897 218 AGGONIS
931 190 1033 217 FILII
1067 189 1148 217 LEX
1182 189 1448 217 CASTRENSIS
1713 177 1766 215 89

924 302 962 362 S

130 411 279 463 legum
320 410 549 452 decisione
589 414 694 451 sunt
732 409 891 460 diuise,
939 413 1061 450 sexta
1109 408 1474 449 commilitonum
1518 420 1672 457 manu,
1721 412 1767 447 ut

130 483 338 534 maiores,
386 483 457 523 uel
496 483 623 523 tertia
663 486 741 523 aut
783 482 997 529 secunda,
1044 482 1201 534 quales
1234 481 1525 521 medioxume
1558 483 1663 519 sunt
1695 480 1766 520 uel

131 554 315 605 minute,
349 558 482 608 prout
514 554 724 607 superius
756 554 1115 605 enucleauimus,
1148 554 1403 593 terminare.

811 798 934 839 CAP.
968 799 1082 839 XIV.

213 887 293 927 DE
327 887 704 928 PRODITIONE
738 886 814 927 ET
848 886 1101 928 CRIMINE
1136 886 1284 927 LESE
1319 885 1686 925 MAIESTATIS.

224 960 544 1037 Enumeratis
595 993 684 1033 iam
743 993 937 1044 legibus,
998 993 1166 1046 quibus
1214 993 1414 1032 minores
1460 992 1767 1032 controuersie

129 1066 378 1120 antiquitus
417 1065 756 1114 decidebantur‚
804 1069 1020 1118 superest,
1067 1069 1115 1105 ut
1161 1066 1217 1105 ad
1265 1065 1439 1104 maiora
1480 1068 1766 1103 transeamus

129 1139 318 1191 negotia.
367 1138 482 1179 Cum
508 1150 616 1177 uero
642 1138 812 1178 uersuti
839 1137 981 1178 hostis
1005 1138 1175 1178 diaboli
1208 1136 1475 1190 quotidiana
1509 1135 1766 1176 sollicitudo

128 1211 173 1251 id
215 1210 348 1251 unice
389 1214 503 1262 agat,
550 1214 599 1249 ut
636 1222 719 1250 nos
764 1209 857 1250 suis
903 1209 1169 1262 imposturis
1216 1208 1560 1255 circumueniat,
1606 1208 1768 1248 callide

129 1296 213 1324 nos
258 1283 315 1323 ab
362 1295 454 1322 uno
500 1282 557 1321 ad
605 1282 745 1322 alium
794 1294 1030 1322 excessum
1078 1282 1246 1322 sensim
1295 1281 1436 1321 ueluti
1483 1293 1561 1333 per
1601 1281 1767 1332 gradus

129 1355 372 1396 ascendere
404 1354 524 1406 facit,
557 1358 605 1394 ut
635 1355 821 1394 tandem
846 1355 904 1394 ad
929 1354 1238 1395 damnationis
1263 1354 1509 1404 interitum,
1541 1353 1768 1405 completo

129 1427 398 1468 delictorum
437 1427 638 1478 cumulo,
684 1427 883 1467 seducat.
947 1427 1064 1467 Nam
1104 1426 1183 1467 ubi
1224 1425 1434 1479 pestifera
1482 1424 1767 1477 suggestione

130 1499 341 1540 satellites
388 1512 495 1539 suos
535 1499 582 1538 in
625 1499 811 1539 minutis
855 1498 1116 1550 exercuerit,
1163 1502 1318 1551 postea
1366 1510 1444 1538 eos
1482 1498 1537 1537 ad
1581 1496 1768 1537 maioris

129 1571 258 1612 ruine
312 1572 493 1625 lapsum
540 1570 848 1611 indesinenter
900 1571 1076 1611 inuitat.
1162 1571 1253 1623 Sic,
1307 1583 1423 1624 quos
1474 1573 1606 1610 antea
1661 1581 1766 1610 cum

129 1643 521 1684 commilitonibus
561 1643 654 1684 suis
693 1644 750 1683 ad
791 1643 913 1684 cedis
956 1656 1099 1697 usque
1137 1643 1403 1684 discrimina
1444 1642 1581 1682 rixari
1613 1642 1768 1695 perdo-

129 1720 295 1766 cuerat,
327 1729 404 1756 eos
435 1716 620 1757 tandem
652 1716 874 1756 audacius
906 1716 1163 1768 aggreditur
1189 1716 1475 1768 instigatque,
1508 1718 1556 1754 ut
1579 1713 1767 1754 domino

129 1788 414 1842 principique
454 1801 536 1828 suo
574 1788 831 1841 proditione
871 1792 1064 1828 mortem
1097 1788 1353 1828 machinari
1386 1800 1479 1827 non
1512 1789 1765 1827 uereantur.

130 1860 174 1902 Si
205 1861 308 1915 quis
339 1873 442 1913 ergo
474 1861 740 1901 detestando
773 1861 861 1901 hoc
891 1860 1092 1901 facinore
1125 1873 1171 1900 se
1202 1860 1392 1901 noxium
1424 1858 1682 1903 reddiderit,
1720 1861 1768 1897 ut

129 1933 400 1986 proditionis
453 1933 695 1974 consilium
754 1936 912 1973 contra
957 1933 1199 1973 dominum
1248 1945 1382 1972 suum
1431 1931 1582 1971 moliri
1628 1943 1768 1970 ausus

128 2005 274 2056 fuerit,
320 2018 413 2046 non
454 2006 603 2046 solum
645 2005 750 2053 uite,
796 2006 874 2045 sed
914 2009 956 2045 et
996 2005 1148 2045 omnis
1189 2003 1441 2045 substantie
1484 2016 1563 2043 sue
1594 2003 1767 2043 iactura

129 2077 258 2117 illum
310 2078 629 2118 damnandum
683 2082 969 2118 censuerunt.
1062 2077 1159 2117 Hac
1211 2077 1363 2130 itaque
1411 2076 1558 2116 forma
1605 2087 1768 2116 conue-

130 2149 349 2191 niendum
417 2151 736 2200 decreuerunt,
809 2151 845 2190 si
914 2163 1050 2203 quem
1118 2162 1196 2190 rex
1263 2150 1318 2189 de
1379 2148 1635 2202 proditione
1696 2146 1767 2186 uel

129 2222 318 2263 crimine
358 2222 632 2275 [Maiestatis]
675 2242 1766 2250 —————————————

137 2927 196 2961 11.
229 2927 511 2972 prodocuerat
542 2925 636 2975 (pro
662 2927 803 2974 pdoct9
834 2924 947 2973 erat),
979 2927 1077 2961 dum
1109 2924 1201 2974 (pro
1233 2923 1328 2973 dffi).
1408 2926 1468 2961 14.
1502 2925 1598 2961 inde
1629 2924 1767 2971 prodi-

133 2983 245 3019 toris.
314 2984 363 3019 19
395 2993 478 3030 sqq.
512 2983 720 3020 Lacunam
755 2994 836 3019 uno
864 2983 963 3029 folio
995 2983 1146 3019 amisso
1177 2986 1307 3019 ortam
1341 2982 1433 3019 aliis
1465 2993 1559 3017 usus
1587 2981 1767 3027 sontibus

134 3040 288 3085 explere
319 3040 480 3076 tentaui.
