2150 3584
572 231 866 260 COMPENDIVM
899 233 1098 261 SAxoms.
1148 234 1230 262 Lm.
1264 235 1290 261 v
1671 225 1751 264 267

106 348 327 390 amissum
362 345 611 386 affirmauit
644 358 697 386 ex
730 345 904 386 incuria
933 346 1119 387 Colonis
1144 347 1417 401 recipientis,
1450 349 1752 403 quesiuitque,

107 419 254 475 qualis
293 431 408 472 pena
449 431 531 471 pro
574 417 660 459 hoc
699 417 785 458 sibi
826 417 980 458 inferri
1014 419 1207 460 deberet.
1272 421 1361 461 Rex
1396 422 1546 472 regine
1579 427 1753 463 senten-

107 492 224 534 ciam
257 490 461 541 contulit,
495 503 583 544 que
616 490 771 541 suasit,
810 503 866 530 ne
899 490 993 543 ipse
1027 491 1223 532 solueret
1255 497 1472 533 statutum
1509 495 1616 546 legis
1649 508 1673 535 a
1707 508 1752 535 se

107 567 214 617 late,
275 576 363 617 qua
422 562 673 616 perditores
730 575 974 603 munerum
1031 577 1218 604 suorum
1284 569 1427 606 morte
1490 567 1753 607 multandos

107 637 321 687 cauisset3
368 635 528 676 ceteris
568 639 720 675 autem
764 634 1036 686 dicentibus,
1084 648 1248 688 penam
1293 638 1401 689 legis
1434 638 1786 679 remittendam·

106 723 197 751 non
231 721 341 760 esse,
379 721 455 748 rex
489 707 592 748 fecit
625 707 845 748 Colonem
879 708 1127 761 suspendio
1160 708 1354 751 interire.
1418 710 1548 751 Tunc
1583 711 1752 752 Frotbo

105 781 298 823 diuersis
344 779 663 834 questionibus
709 790 946 832 aggressus
993 784 1058 820 est
1106 780 1314 832 Ericum,
1365 781 1442 835 qui
1489 784 1544 822 ad
1593 796 1753 824 omnes

105 855 164 896 ita
197 854 392 894 facunde
425 857 465 892 et
498 851 723 893 subtiliter
753 852 1001 905 respondit,
1046 857 1092 894 vt
1123 866 1199 893 rex
1232 866 1278 893 se
1311 853 1479 894 victum
1516 855 1752 905 fateretur3

104 927 258 979 regina
314 929 466 966 autem
523 923 815 965 adiudicante
864 924 998 966 Erico
1054 926 1258 978 palmam
1313 926 1546 978 facundie,
1608 927 1752 968 eciam

106 998 280 1054 premio
333 997 665 1048 decorandam,
726 1009 802 1037 rex
859 997 1087 1037 armillam
1136 998 1326 1039 brachio
1374 1012 1457 1039 suo
1504 1000 1752 1040 detractam

104 1073 283 1113 dextere
330 1069 451 1110 Erici
499 1069 721 1109 mercedis
770 1069 871 1110 loco
918 1069 1122 1110 contulit.
1196 1070 1328 1111 Tunc
1372 1084 1450 1111 rex
1497 1070 1750 1111 subiunxit:

108 1144 304 1185 »Vellem
337 1155 362 1182 a
394 1146 436 1182 te
469 1141 597 1193 scire,
644 1155 783 1195 quam
825 1142 1213 1195 disceptacionem
1247 1155 1352 1183 cum
1387 1144 1504 1197 Grep
1537 1143 1753 1195 habuisti,

104 1230 193 1271 qua
226 1229 272 1256 se
305 1214 550 1256 confusum
583 1227 675 1255 non
710 1214 892 1255 erubuit
924 1215 1170 1255 confiteri«
1238 1215 1398 1256 Ericus
1438 1216 1520 1256 ait:
1574 1215 1754 1256 »Rubor

103 1289 231 1330 illum
273 1289 328 1329 de
365 1287 615 1328 commisso
654 1286 879 1328 adulterio
922 1287 1111 1336 inuasit;
1159 1288 1281 1340 quia,
1329 1289 1440 1328 dum
1475 1288 1668 1329 nesciret
1708 1300 1753 1327 se

104 1361 358 1411 defendere,
405 1372 512 1400 cum
558 1364 636 1399 tua
684 1372 729 1399 se
776 1372 916 1400 vxore
965 1359 1113 1400 fassus
1160 1364 1225 1400 est
1272 1362 1575 1402 mechatum.«
1662 1361 1753 1401 Rex

103 1433 303 1489 quesiuit
347 1446 372 1472 a
419 1432 588 1484 regina,
636 1444 725 1484 qua
774 1436 924 1472 mente
971 1433 1055 1473 hec
1101 1433 1239 1473 verba
1281 1433 1478 1481 audiret;
1525 1446 1613 1487 que
1660 1446 1751 1474 non

104 1507 254 1547 solum
295 1505 463 1545 rubore
497 1505 574 1545 sed
608 1504 751 1545 eciam
786 1517 896 1545 voce
928 1504 1099 1545 crimen
1134 1504 1372 1546 fatebatur.
1437 1506 1645 1559 Cumque
1677 1518 1753 1545 rex

104 1578 161 1619 ab
193 1591 244 1619 ea
276 1581 497 1631 quereret,
544 1590 634 1630 qua
675 1589 792 1630 pena
831 1577 933 1617 talis
965 1578 1143 1617 adulter
1175 1577 1428 1630 puniretur,
1475 1579 1641 1632 illaque
1674 1591 1753 1631 pre

103 1651 264 1691 timore
317 1649 458 1690 nichil
505 1650 822 1702 responderet,
880 1649 997 1703 Grep
1053 1649 1282 1691 dissiliens
1337 1651 1518 1691 volebat
1569 1650 1751 1691 Ericurn

103 1722 253 1763 iaculo
284 1721 486 1773 traicere,
526 1722 604 1762 sed
638 1735 663 1762 a
697 1721 892 1774 Rollero,
925 1721 1061 1762 fratre
1096 1722 1230 1774 Erici,
1273 1726 1472 1763 extracto
1504 1722 1655 1774 gladio
1689 1727 1752 1763 est

103 1807 350 1848 repressus.
426 1793 566 1846 Igitur
612 1794 773 1834 fratres
813 1794 930 1847 Grep
978 1795 1221 1835 frementes
1267 1794 1537 1835 iurauerunt
1583 1808 1629 1835 se
1676 1799 1753 1835 aut

103 1871 244 1907 totam
291 1866 485 1907 classem
533 1866 654 1907 Erici
701 1867 1014 1907 destructuros
1061 1871 1139 1907 aut
1183 1867 1221 1907 ei
1262 1878 1463 1920 pugnarn
1503 1868 1752 1920 decemque

104 1951 209 1980 cum
264 1939 365 1992 ipso
412 1938 645 1992 pugilibus
698 1939 917 1980 illaturos.
1011 1939 1172 1979 Ericus
1228 1951 1429 1992 pugnam
1485 1940 1752 1992 acceptauit,

104 2011 254 2064 petitis
296 2011 493 2051 induciis
534 2010 781 2062 triduanis,
829 2011 1080 2065 petiuitque
1119 2025 1143 2051 a
1184 2023 1285 2063 rege
1328 2016 1478 2052 cutem
1525 2016 1751 2052 recentem

104 2083 330 2136 animalis,
362 2083 652 2137 formamque
685 2084 956 2124 sotularium
991 2084 1077 2124 sibi
1110 2089 1151 2124 et
1184 2084 1319 2125 sociis
1354 2084 1448 2124 suis
1481 2097 1534 2124 ex
1559 2097 1609 2124 ea
1636 2084 1752 2136 fecit,

105 2169 219 2209 quos
263 2155 414 2196 resina
461 2155 661 2196 abietina
710 2155 963 2208 subliniuit,
1016 2156 1235 2196 interfusa
1284 2156 1461 2196 mixtim
1510 2169 1661 2208 arena,
1708 2161 1753 2196 vt

59 2280 62 2281 .
105 2228 283 2269 firmius
330 2232 447 2268 stare
495 2232 692 2281 possent.
757 2227 879 2268 Dixit
919 2228 1062 2268 eciam
1111 2241 1156 2269 se
1197 2228 1370 2269 nescire
1416 2228 1660 2280 confligere
1706 2228 1751 2268 in

104 2304 235 2351 terra,
281 2312 335 2341 ac
380 2299 554 2353 petiuit,
607 2304 652 2340 vt
699 2313 804 2340 cum
853 2300 988 2340 sociis
1036 2301 1154 2353 Grep
1202 2313 1337 2354 super
1383 2301 1581 2352 gelatum
1629 2313 1752 2340 mare

191 2399 226 2435 2.
267 2398 345 2434 sibi
378 2409 456 2444 pro
488 2399 570 2434 hoc
603 2398 679 2434 As.
773 2398 881 2433 3—4.
919 2398 1019 2444 legis
1052 2398 1176 2434 allate
1207 2398 1284 2434 As.
1375 2400 1409 2434 4.
1444 2398 1680 2444 proditores
1714 2398 1751 2434 S.

106 2455 369 2492 mulctandos
403 2455 443 2491 S.
507 2456 543 2492 5.
578 2455 750 2491 dixisset
781 2455 856 2490 AS.
927 2459 1064 2491 autem
1097 2455 1230 2500 codd.;
1263 2456 1359 2491 item
1394 2456 1535 2490 malim
1567 2454 1753 2503 (quoque

105 2510 237 2561 Saxo).
316 2513 605 2548 dimittendam
639 2513 684 2547 V.
762 2513 797 2548 8.
832 2516 873 2547 vt
905 2523 948 2547 se
980 2523 1050 2547 rex
1084 2513 1137 2555 V;
1179 2524 1251 2548 rex
1283 2515 1324 2547 vt
1355 2523 1398 2547 se
1432 2512 1470 2548 S.
1547 2513 1580 2548 9.
1614 2515 1751 2548 autem

106 2580 184 2605 om.
219 2570 294 2605 AS.
374 2570 434 2605 10.
469 2569 706 2605 decoranda
741 2570 793 2613 A,
826 2569 1065 2605 decorandu
1101 2570 1145 2610 D,
1177 2570 1245 2605 sed
1275 2575 1299 2605 n
1335 2569 1550 2604 correctori
1579 2568 1751 2605 debetur.

106 2626 267 2662 armilla
315 2626 399 2662 VD.
509 2627 568 2662 12.
615 2626 969 2672 disceptacionem
1016 2626 1142 2669 Scuto,
1203 2626 1498 2672 decepcionem
1550 2626 1582 2661 D
1637 2635 1752 2672 (corr.

107 2683 316 2729 deceptae.
340 2681 408 2731 Dl)
432 2683 516 2727 VS,
548 2684 879 2719 desei-tacioneni
899 2683 941 2718 Α.
1010 2683 1067 2718 13.
1094 2686 1163 2729 ayt
1181 2683 1224 2723 Α,
1258 2685 1300 2718 ut
1323 2683 1481 2729 saepius.
1550 2684 1609 2718 14.
1635 2682 1752 2718 illum

108 2751 184 2775 om.
226 2740 303 2777 As.
392 2742 451 2777 16.
495 2740 656 2776 audiuit
696 2740 771 2776 AS.
858 2740 920 2775 18.
965 2739 1112 2775 ab·eo
1152 2740 1228 2775 AS.
1309 2740 1472 2776 18—19.
1514 2739 1632 2775 verba
1671 2751 1752 2785 qua

109 2798 559 2843 pena..responderet
591 2808 669 2833 om.
705 2798 779 2833 AS.
867 2797 929 2832 20.
964 2798 1191 2832 transicere
1225 2798 1267 2833 Α.
1357 2798 1418 2832 21.
1453 2797 1677 2842 depressus
1711 2797 1752 2832 Α.

109 2854 356 2890 iurauerunt
397 2865 439 2890 se
480 2855 549 2890 DV
586 2852 740 2901 (Saxo);
790 2857 1045 2899 putauerunt
1086 2865 1129 2889 se
1162 2854 1207 2894 ὃς
1255 2854 1362 2890 intra
1403 2864 1445 2889 se
1484 2854 1677 2889 dixerunt
1709 2854 1752 2889 Α.

109 2911 172 2946 22.
206 2921 255 2947 .x.
287 2922 368 2957 que
395 2912 476 2947 DV.
539 2911 601 2947 23.
634 2922 728 2946 cum
764 2912 855 2957 ipso
888 2921 965 2945 om.
991 2910 1066 2945 As.
1129 2911 1192 2946 25.
1227 2910 1403 2946 sormam
1432 2910 1680 2946 sotularium
1704 2925 1747 2941 z

108 2976 236 3012 genus
275 2968 511 3003 calceorum
554 2968 611 3015 (in
652 2968 761 3003 codd.
803 2969 931 3013 potest
968 2967 1087 3001 eliam
1123 2968 1198 3011 Iegli
1230 2967 1498 3003 socularium.
1544 2967 1611 3002 sed
1643 2971 1753 3002 sotu-

108 3023 215 3060 lares
246 3024 308 3072 (z
333 3025 579 3068 stlbkalal'GS,
613 3024 760 3060 Gallice
791 3023 985 3071 souliers)
1017 3035 1108 3059 vera
1140 3025 1276 3069 forma
1309 3023 1388 3071 est)
1451 3025 1514 3059 26.
1547 3024 1750 3059 abiectam

110 3080 185 3117 AS.
255 3081 461 3118 interfuso
493 3082 537 3118 Α.
605 3082 669 3118 27.
701 3081 964 3127 confringere
996 3081 1039 3117 Α.

1784 1007 1822 1037 10

1780 1368 1820 1399 15

1779 1729 1821 1761 20

1778 2091 1821 2121 25
