2150 3584
291 1016 333 1048 10

292 1380 332 1411 15

290 1744 333 1775 20

287 2109 330 2140 25

290 2473 332 2503 30

360 231 444 271 374
700 241 975 271 SCRIPTORES
1008 240 1234 270 ffls‘romAE
1267 240 1443 269 DANICAE
1475 240 1674 269 MrNonEs

359 356 629 408 restringere
661 355 963 408 coniugalem,
1009 354 1178 408 recepit
1210 355 1343 408 Gyth,
1381 354 1524 395 filiam
1557 354 1674 407 regis
1707 354 1891 407 Swecie‚
1938 367 2007 396 co-

360 432 544 481 gnatam
569 441 716 480 suam,
742 441 944 481 vxorem,
972 428 1160 481 eiusque
1187 427 1436 468 concubitu
1461 427 1723 468 incestuoso
1749 440 1831 480 pro
1857 428 2010 468 matri-

360 501 518 542 monio
550 501 772 542 Vtebatur.
836 501 902 541 De
934 513 1024 555 qua
1057 513 1103 541 re
1134 500 1288 553 ipsum
1322 499 1525 553 episcopi
1551 499 1726 551 Eginus
1749 499 2009 540 Lundensis

360 578 402 614 et
441 573 720 614 Wilhelmus
763 566 1078 614 Roskildensis
1117 572 1315 625 grauiter
1353 575 1621 624 arguerunt3
1669 573 1746 612 sed
1789 585 1894 613 cum
1932 585 2012 613 rex

359 647 502 687 nollet
519 646 582 687 eis
600 646 902 700 acquiescere,
920 645 1101 686 illicitas
1126 645 1223 686 eius
1241 644 1435 698 nupcias
1460 645 1583 697 apud
1607 644 2007 698 archiepiscopum

361 720 654 759 Bremensem
696 719 988 759 accusabant.
1051 717 1142 768 Qui
1179 729 1285 758 cum
1318 729 1470 770 regem
1512 716 1791 758 salutaribus
1822 717 2010 758 monitis

360 791 418 832 ab
458 791 635 832 incestu
674 794 923 843 reuocaret,
964 790 1061 843 ipse
1102 790 1253 830 minas
1285 789 1514 843 opposuit,
1557 790 1681 843 quod
1720 790 1833 830 tales
1864 802 2010 843 repre-

360 863 606 905 hensiones
652 863 803 916 gladio
851 863 1116 904 vindicaret.
1192 862 1402 903 Tandem
1443 862 1721 903 Wilhelmus
1767 862 2010 916 episcopus

359 940 538 977 tantum
573 948 675 989 erga
719 949 824 977 eum
857 936 1090 976 elaborare
1122 938 1311 989 poterat,
1333 938 1397 976 ,vt
1439 948 1533 975 non
1576 935 1724 975 solum
1758 934 2009 975 vindictam

359 1013 631 1063 conceptam
664 1009 741 1049 sed
776 1008 921 1049 eciam
954 1021 1141 1050 onrem
1174 1007 1382 1048 illicitam
1415 1007 1673 1059 abnegaret.
1722 1007 1863 1059 Igitur
1891 1007 2011 1060 Gyth

358 1082 406 1122 in
448 1082 667 1124 Sweciam
716 1082 898 1123 rediens
943 1081 1083 1123 vidua
1130 1080 1395 1135 permansit,
1442 1092 1710 1134 vouensque
1757 1079 2010 1120 castitatem

360 1155 648 1196 sanctissime
679 1168 823 1209 vsque
856 1155 912 1194 ad
945 1158 1141 1195 mortem
1173 1153 1297 1195 vixit.

445 1228 495 1269 V.
559 1228 721 1269 Sweno
768 1231 937 1280 autem,
995 1226 1155 1268 diuino
1204 1225 1347 1267 cultui
1392 1225 1650 1277 intendens,
1696 1225 1742 1265 in
1789 1224 2012 1265 ministris

360 1300 548 1341 ecclesie
594 1314 683 1340 non
730 1304 823 1341 tam
872 1300 1125 1340 litterarum
1172 1298 1392 1339 noticiam
1443 1310 1583 1352 quam
1631 1310 1782 1339 mores
1829 1300 2012 1338 sanctos

359 1373 657 1426 ponderabat.
710 1373 828 1413 Nam
863 1372 1135 1413 Swenonem
1169 1371 1404 1423 Noricum,
1438 1382 1620 1411 morum
1654 1370 1875 1423 grauitate
1907 1382 2013 1410 con·

360 1445 588 1499 spicuum,
620 1446 699 1486 sed
731 1446 863 1486 valde
896 1444 1133 1485 modicum
1160 1443 1321 1484 litteris
1351 1443 1598 1497 imbutum,
1631 1443 1885 1496 plurimum
1911 1441 2011 1482 dili-

359 1518 511 1570 gebat3
544 1521 730 1571 propter
755 1518 880 1571 quod
912 1517 985 1571 alij
1022 1517 1173 1558 clerici
1200 1516 1316 1569 regis
1341 1516 1461 1557 dicto
1481 1515 1694 1557 Swenoni
1726 1514 2011 1566 inuidebant‚

360 1592 437 1631 sed
470 1594 656 1644 propter
687 1590 939 1630 litterarum
973 1589 1260 1644 impericiam
1286 1589 1569 1629 deridebant.
1619 1588 1737 1629 Nam
1765 1600 1871 1628 cum
1903 1599 2013 1640 qua-

359 1664 466 1704 dam
507 1663 580 1704 die
627 1662 891 1704 oracionem
931 1675 1014 1716 pro
1053 1674 1156 1715 rege
1197 1661 1512 1715 sollempniter
1543 1661 1689 1713 legere
1721 1661 1918 1712 deberet,
1964 1659 2011 1699 in

360 1750 451 1790 qua
492 1736 750 1777 habebatur
786 1735 1053 1776 cfamulus
1095 1738 1250 1787 tuus',
1297 1734 1361 1775 illi
1395 1734 1664 1775 deleuerunt
1694 1733 1905 1774 sillabam
1937 1731 2014 1783 fa,

360 1809 549 1863 ipseque
572 1812 731 1862 postea
763 1809 929 1860 legens,
963 1820 1068 1848 cum
1102 1807 1297 1848 nesciret
1328 1807 1565 1860 corrigere,
1597 1817 1749 1859 regem
1780 1805 2013 1845 ‘mulum'

359 1881 632 1935 appellabat.
683 1882 748 1922 De
779 1894 871 1935 quo
896 1893 1002 1921 cum
1035 1880 1109 1933 alij
1144 1880 1423 1921 cachinnose
1447 1879 1667 1931 risissent,
1700 1882 1742 1919 et
1764 1890 1856 1930 rex,
1889 1877 2013 1931 quod

359 1954 529 1994 factum
570 1953 730 2005 fuerat,
778 1953 1024 2006 didicisset,
1071 1965 1149 1994 eos
1187 1953 1385 2005 grauiter
1426 1953 1481 1993 de
1521 1951 1704 1992 malicia
1743 1949 2012 2003 increpanit,

359 2027 515 2067 dicens
568 2026 742 2067 dictum
791 2026 1063 2067 Swenonem
1119 2025 1237 2066 infra
1287 2025 1427 2065 breue
1480 2025 1595 2065 vltra
1642 2037 1719 2065 eos
1766 2021 2012 2063 scienciam

358 2099 640 2140 habiturum.
704 2099 840 2150 Quod
874 2103 915 2139 et
946 2099 1119 2139 factum
1152 2102 1238 2149 est;
1285 2111 1394 2138 nam
1433 2110 1513 2151 per
1551 2108 1702 2149 regem
1743 2096 1912 2136 missus
1955 2095 2011 2134 ad

359 2171 563 2212 studium
602 2175 782 2212 tantum
826 2172 870 2212 in
912 2171 1041 2212 breui
1074 2171 1279 2225 profecit,
1326 2175 1373 2212 vt
1409 2170 1591 2211 rediens
1621 2171 1914 2211 veneraretur
1955 2167 2013 2207 ab

358 2244 422 2284 eis
454 2248 639 2297 propter
671 2244 934 2295 scienciam,
968 2257 1084 2298 quos
1117 2244 1246 2298 prius
1277 2243 1502 2284 habuerat
1532 2242 1752 2283 irrisores.

444 2317 517 2358 VI.
567 2317 689 2358 Inter
706 2317 1158 2358 omnesWilhelmus
1177 2316 1421 2370 episcopus
1438 2314 1561 2368 apud
1579 2325 1731 2366 regem
1747 2313 2011 2354 carissimus

358 2389 628 2442 habebatur,
660 2390 739 2444 qui
772 2390 917 2430 eciam
949 2389 1041 2441 regi
1074 2389 1284 2442 equalem
1317 2388 1532 2429 affectum
1563 2386 1863 2440 rependebat;
1903 2385 2012 2426 huic

359 2473 463 2514 ergo
504 2466 546 2502 et
577 2462 698 2502 dicto
732 2462 945 2503 Swenoni
978 2466 1200 2515 tanquam
1235 2460 1321 2501 sibi
1353 2459 1635 2501 fidelissimis
1666 2472 1745 2500 rex
1777 2471 1823 2499 se
1855 2462 1898 2499 et
1929 2471 2012 2499 sua

449 2593 480 2628 1.
513 2591 681 2638 gynthae
713 2593 746 2627 A
776 2591 883 2635 (item
921 2590 1002 2636 10);
1040 2590 1204 2636 gyrithe
1236 2589 1273 2625 h.
1309 2589 1330 2626 l.
1365 2588 1413 2634 S;
1459 2587 1569 2634 infra
1601 2588 1772 2635 grythae.
1815 2587 2010 2632 (Gutham

358 2649 492 2693 Saxo).
584 2650 619 2684 2.
651 2648 923 2685 concubitum
959 2648 1001 2684 A.
1092 2648 1328 2682 incestuose
1361 2646 1407 2691 S;
1450 2646 1640 2682 incestuo
1672 2645 1716 2682 A.
1804 2644 1838 2680 3.
1871 2644 2010 2691 ipsum

359 2707 439 2753 ipsi
483 2707 580 2753 (ipm
615 2706 681 2753 ipi,
723 2717 800 2752 pro
832 2706 913 2752 ipm
948 2702 1031 2751 effi)
1065 2704 1104 2740 S.
1195 2704 1228 2740 6.
1271 2700 1440 2753 moiff’³9
1473 2703 1500 2739 S
1545 2702 1686 2749 (voluit
1715 2703 1832 2738 certe:
1882 2701 2013 2737 moni-

360 2764 581 2809 cionibus).
676 2765 709 2799 7.
751 2765 1002 2799 reuocarent
1034 2761 1073 2797 S.
1167 2761 1201 2797 8.
1244 2762 1470 2808 episcopus
1501 2771 1578 2796 om.
1613 2759 1652 2796 S.
1742 2760 1777 2796 9.
1817 2758 2012 2794 laborare

360 2821 484 2865 codd„
527 2820 695 2856 correxi.
787 2820 848 2856 13.
891 2823 1029 2855 autem
1071 2828 1149 2855 om.
1183 2818 1221 2854 S.
1316 2819 1376 2854 14.
1418 2828 1501 2854 non
1542 2815 1775 2863 Lanyebelc3
1822 2827 1916 2852 nam
1958 2816 2011 2861 D;

361 2878 465 2914 Nam
500 2877 574 2914 AS.
669 2878 729 2914 18.
763 2878 834 2913 sed
868 2878 923 2920 ὓς
956 2879 995 2912 et
1026 2875 1103 2912 AS.
1195 2876 1259 2911 20.
1292 2876 1401 2911 hanc
1432 2875 1623 2911 sillabam
1656 2874 1734 2910 AS.
1827 2873 1890 2910 21.
1922 2883 2012 2909 cor-

361 2936 493 2981 rigere
526 2946 569 2971 se
602 2935 641 2971 S.
735 2935 799 2970 22.
840 2933 1066 2969 cachinose
1098 2932 1141 2969 A.
1232 2932 1296 2969 23.
1340 2932 1486 2968 fuisset
1528 2931 1568 2967 S.
1658 2930 1904 2977 increpabat
1935 2930 2010 2966 AS.

362 2993 424 3027 25.
458 2992 696 3027 habituram
731 2992 775 3028 A.
868 2992 932 3027 27.
967 2990 1177 3026 derisores
1210 2990 1255 3035 83
1304 3000 1325 3024 a
1359 2989 1513 3036 quibus
1546 2989 1664 3035 prius
1697 2987 1933 3023 habebatur
1965 2987 2005 3022 in

360 3049 545 3084 derisum
565 3049 609 3085 A.
674 3050 736 3085 28.
770 3049 1014 3084 carissimus
1047 3058 1111 3082 om
1145 3044 1188 3082 D.
1251 3047 1302 3082 28
1318 3047 1418 3082 *29
1451 3057 1533 3082 car.
1568 3045 1644 3081 fuit
1663 3045 1701 3081 S.
1764 3045 1826 3081 30.
1862 3043 2010 3080 fidelis-

361 3107 492 3142 simus
528 3117 596 3141 rex
630 3109 668 3141 et
700 3117 774 3141 sua
807 3105 984 3141 concilia
1020 3104 1057 3140 S.
