2150 3584
40 1430 78 1460 10

38 1790 77 1821 15

35 2153 77 2185 20

244 224 462 253 SVENONIS
495 224 685 253 AGGONIS
719 225 819 252 FILII
857 226 1013 254 BREVIS
1048 227 1257 255 HISTORIA
1294 228 1441 255 izi-LGVM
1479 229 1608 256 DACIE
1672 218 1743 256 131

912 338 950 399 S

108 444 408 495 successibus,
456 458 619 498 parens
651 445 792 486 extitit
824 445 1062 498 gloriosus.
1127 447 1242 487 Nam
1277 451 1319 488 et
1352 449 1582 489 Kanutum
1620 449 1749 502 Ring-

107 517 379 569 stadensem,
410 520 583 570 patrem
603 518 884 558 Waldemari
911 518 1040 571 regis,
1066 519 1243 570 genui13
1278 520 1526 561 Henricum
1552 535 1749 575 quoque,

107 593 279 643 patrem
328 588 550 630 Svenonis
596 590 730 642 regis,
777 594 819 631 et
867 591 1120 631 Haraldum
1171 592 1336 643 Kesiae,
1389 597 1561 645 patrem
1612 593 1747 633 Biorn

108 661 449 702 FerreiLateris
488 662 793 716 undecimque
825 662 1016 703 fratrum
1050 663 1207 716 ipsiuS.
1258 664 1365 704 Post
1397 664 1580 705 Ericum
1616 666 1750 706 frater

106 733 202 774 eius
236 733 452 775 Nicolaus
490 734 709 786 regnauit,
755 748 892 789 quem
927 735 1221 776 Grandeuum
1262 737 1400 788 uulgo
1434 737 1748 790 nominabant,

105 818 157 846 eo
190 807 312 859 quod
346 810 518 859 septem
551 806 705 847 lustris
733 807 926 860 imperio
947 807 1121 848 Danico
1163 808 1333 861 potitus
1366 808 1433 849 sit.
1485 809 1569 849 Hic
1603 810 1746 850 filium

105 891 158 918 ex
189 878 390 931 legitimo
419 878 657 919 suscitauit
681 879 990 932 matrimonio,
1023 893 1158 934 quem
1185 893 1231 920 re
1257 884 1299 920 et
1324 880 1509 921 nomine
1531 882 1745 934 Magnum

104 951 376 1003 appellabat.
440 951 556 991 Nam
589 952 645 991 ad
678 951 821 992 instar
854 951 1002 993 Saulis
1033 952 1150 1004 regis
1183 965 1319 1006 super
1351 953 1592 994 uniuersos
1623 954 1747 1006 regni

106 1022 270 1063 milites
301 1026 343 1063 et
374 1035 541 1064 coeuos
573 1023 631 1064 ab
664 1024 869 1064 humeris
901 1027 942 1064 et
974 1037 1157 1064 sursum
1191 1025 1433 1066 eminebat.

791 1314 915 1355 CAP.
949 1315 1068 1355 XIII.

202 1386 460 1473 Regnante
507 1421 552 1460 in
602 1421 748 1460 Dania
791 1421 979 1462 Nicolao
1020 1422 1242 1473 Kanutus,
1290 1422 1411 1462 Erici
1453 1422 1567 1462 Boni
1610 1422 1746 1475 filius,

104 1493 174 1533 uir
206 1494 419 1546 prudens,
453 1497 664 1533 strenuus
697 1493 915 1546 omnique
948 1493 1130 1534 uirtutis
1162 1494 1386 1547 probitate
1419 1495 1609 1547 pollens,
1653 1496 1746 1535 dux

103 1565 248 1606 factus
267 1565 564 1606 Slesuicensis
591 1565 764 1605 claruit.
814 1566 904 1616 Qui
937 1570 978 1606 et
1009 1566 1228 1618 singulari
1262 1566 1527 1607 fortitudine
1560 1567 1745 1607 efferam

103 1637 372 1678 Sclauorum
404 1637 578 1678 rabiem
611 1637 895 1690 compescuit
926 1652 1097 1692 sueque
1130 1639 1291 1679 ditioni
1324 1639 1598 1691 subiugauit.
1660 1640 1744 1680 Sed

103 1710 363 1763 conspicuis
410 1710 507 1751 eius
553 1710 800 1750 uirtutibus
838 1710 1023 1751 incitata
1063 1712 1357 1752 efferuescere
1399 1711 1516 1764 cepit
1556 1712 1745 1763 inuidia,

103 1783 217 1822 adeo
251 1786 300 1822 ut
330 1783 569 1835 extiterint,
604 1782 682 1836 qui
715 1782 889 1835 optimo
921 1783 1118 1836 principi
1150 1783 1325 1824 lethum
1358 1784 1744 1824 machinarentur.

103 1854 289 1908 Semper
348 1855 470 1895 enim
531 1854 713 1907 regibus
774 1860 983 1908 suspecta
1039 1859 1103 1896 est
1158 1868 1316 1896 recens
1371 1860 1477 1896 nata
1531 1856 1745 1909 potentia,

103 1927 343 1981 omnisque
374 1931 573 1980 potestas
604 1927 849 1980 impatiens
889 1928 1114 1968 consortis
1147 1928 1241 1968 erit.
1306 1929 1499 1980 Magnus
1532 1941 1745 1981 namque,

105 1999 271 2040 Kanuti
325 1999 562 2053 patruelis,
619 2003 770 2052 spreto
818 2000 1228 2052 consanguinitatis
1276 2000 1483 2051 uinculo,
1537 2000 1744 2041 adhibito

103 2070 188 2111 sibi
229 2071 425 2112 Henrico
466 2071 683 2124 Skatelar,
733 2072 924 2113 Ubbone
963 2076 1004 2112 et
1043 2072 1258 2126 Haquino
1299 2072 1491 2126 aliisque
1538 2072 1746 2113 coniura-

102 2142 239 2184 tionis
278 2143 427 2196 sociis,
475 2147 696 2198 tanquam
738 2157 874 2197 super
913 2145 1057 2185 arduo
1097 2144 1221 2196 regni
1263 2144 1442 2196 negotio
1475 2145 1529 2184 de
1564 2145 1744 2185 Kanulo

102 2215 374 2257 trucidando
419 2215 466 2256 in
513 2216 723 2257 conclaui
769 2217 972 2270 quodam
1020 2216 1231 2270 pestifera
1281 2216 1493 2269 captabat
1539 2217 1742 2257 consilia.

104 2287 276 2328 Deinde
317 2288 549 2328 Kanutum
596 2288 643 2328 in
691 2288 807 2328 silua
854 2301 993 2341 penes
1041 2288 1377 2328 Haraldstathae
1424 2288 1521 2329 sine
1564 2289 1744 2328 arbitris

102 2359 186 2399 sibi
219 2359 407 2400 obuiam
440 2360 594 2401 uenire
626 2360 762 2401 iubet.
827 2360 909 2401 Cui
942 2360 1196 2413 intrepidus
1231 2360 1398 2401 Christi
1431 2361 1611 2411 athleta,
1648 2361 1744 2400 nul-

102 2430 189 2472 lius
235 2431 320 2472 sibi
368 2432 573 2473 criminis
619 2432 851 2484 conscius,
899 2445 1137 2473 occurrere
1184 2445 1277 2473 non
1324 2433 1610 2481 detrectauit3
1666 2434 1741 2473 sed

102 2632 271 2669 inuidus
296 2637 340 2670 ut
366 2645 442 2670 sua
466 2633 660 2680 dampna.
724 2634 784 2669 17.
810 2633 981 2669 inuidia.
1038 2634 1100 2669 18.
1128 2633 1312 2669 ambitio,
1338 2644 1388 2669 ne
1413 2643 1552 2679 regno.
1613 2633 1744 2669 moni-

102 2691 222 2726 taneo
253 2693 346 2736 (pro
378 2693 637 2736 mosntaneo).
699 2691 762 2727 20.
796 2693 990 2736 potestas.
1054 2691 1102 2726 19
1130 2700 1184 2736 sq.
1216 2689 1287 2736 cfr.
1318 2689 1478 2726 Sallust.
1505 2690 1616 2726 Catil.
1644 2690 1742 2729 7,1.·

103 2757 198 2782 nam
245 2748 410 2794 regibus
455 2748 555 2783 boni
601 2758 727 2794 quam
777 2747 873 2782 mali
917 2748 1200 2792 suspectiores
1238 2750 1346 2791 sunt,
1392 2758 1642 2793 semperque
1683 2747 1741 2782 eis

103 2803 234 2840 aliena
281 2805 413 2841 virtus
459 2804 736 2841 formidulosa
782 2807 854 2840 est.
946 2805 1111 2841 21—22.
1152 2804 1537 2850 omnisque..erit:
1587 2803 1743 2839 Lucani

103 2859 243 2897 Phars.
269 2861 298 2907 I,
325 2861 376 2898 92
393 2872 448 2908 sq.
510 2862 677 2898 23—24.
710 2861 833 2908 periit
861 2861 925 2896 ius
950 2861 1096 2907 fasque
1122 2861 1388 2907 bonumque.
1411 2891 1416 2896 .
1436 2861 1593 2907 pudor:
1627 2859 1743 2897 Statii

107 2915 292 2954 Thebaid.
323 2918 352 2965 I,
388 2919 465 2955 154
483 2929 538 2966 sq.
600 2920 663 2955 28.
697 2918 970 2964 colloquium.

187 3031 249 3068 Ad
280 3032 319 3069 S.
380 3033 546 3069 22—23.
580 3032 789 3069 Kanutum
810 3032 1002 3069 ..venire
1034 3032 1149 3068 iubet
1180 3034 1215 3068 ei
1248 3032 1339 3077 133,
1359 3033 1380 3068 3
1414 3033 1455 3068 in
1488 3032 1740 3068 denunciato

103 3097 304 3125 occursus
349 3089 455 3133 loco,
500 3089 572 3135 cfr,
618 3090 726 3126 Saxo
768 3100 810 3135 p.
853 3089 1125 3136 638,14sq.;
1172 3089 1368 3136 pestifera
1416 3088 1602 3130 consilia,
1650 3087 1743 3125 ibid.

80 3154 138 3189 ,μ
172 3145 258 3191 636,
282 3146 331 3181 16
361 3149 396 3182 et
427 3147 487 3182 25.

1492 3210 1535 3239 μὴ·
