<?xml version="1.0" encoding="UTF-8"?>
<!DOCTYPE html PUBLIC "-//W3C//DTD XHTML 1.0 Transitional//EN"
    "http://www.w3.org/TR/xhtml1/DTD/xhtml1-transitional.dtd">
<html xmlns="http://www.w3.org/1999/xhtml" xml:lang="en" lang="en">
 <head>
  <title>
</title>
<meta http-equiv="Content-Type" content="text/html;charset=utf-8" />
  <meta name='ocr-system' content='tesseract 3.04.00' />
  <meta name='ocr-capabilities' content='ocr_page ocr_carea ocr_par ocr_line ocrx_word'/>
</head>
<body>
  <div class='ocr_page' id='page_1' title='image "./scriptoresminore112gert_0410.png"; bbox 0 0 2150 3584; ppageno 0'>
   <div class='ocr_carea' id='block_1_1' title="bbox 306 995 347 1026">
    <p class='ocr_par' dir='ltr' id='par_1_1' title="bbox 306 995 347 1026">
     <span class='ocr_line' id='line_1_1' title="bbox 306 995 347 1026; baseline 0.024 -1"><span class='ocrx_word' id='word_1_1' title='bbox 306 995 347 1026; x_wconf 88' lang='lat'>10</span> 
     </span>
    </p>
   </div>
   <div class='ocr_carea' id='block_1_2' title="bbox 306 1524 346 1555">
    <p class='ocr_par' dir='ltr' id='par_1_2' title="bbox 306 1524 346 1555">
     <span class='ocr_line' id='line_1_2' title="bbox 306 1524 346 1555; baseline 0 0"><span class='ocrx_word' id='word_1_2' title='bbox 306 1524 346 1555; x_wconf 93' lang='lat'>15</span> 
     </span>
    </p>
   </div>
   <div class='ocr_carea' id='block_1_3' title="bbox 304 1889 346 1919">
    <p class='ocr_par' dir='ltr' id='par_1_3' title="bbox 304 1889 346 1919">
     <span class='ocr_line' id='line_1_3' title="bbox 304 1889 346 1919; baseline 0 0"><span class='ocrx_word' id='word_1_3' title='bbox 304 1889 346 1919; x_wconf 83' lang='lat'>20</span> 
     </span>
    </p>
   </div>
   <div class='ocr_carea' id='block_1_4' title="bbox 378 208 1691 252">
    <p class='ocr_par' dir='ltr' id='par_1_4' title="bbox 378 208 1691 252">
     <span class='ocr_line' id='line_1_4' title="bbox 378 208 1691 252; baseline 0.002 -3"><span class='ocrx_word' id='word_1_4' title='bbox 378 208 458 249; x_wconf 77' lang='lat'>392</span> <span class='ocrx_word' id='word_1_5' title='bbox 718 219 992 250; x_wconf 84' lang='lat' dir='ltr'>SCRIPTORES</span> <span class='ocrx_word' id='word_1_6' title='bbox 1026 217 1252 251; x_wconf 86' lang='lat' dir='ltr'>HISTORIAE</span> <span class='ocrx_word' id='word_1_7' title='bbox 1284 221 1461 251; x_wconf 87' lang='lat' dir='ltr'>DANICAE</span> <span class='ocrx_word' id='word_1_8' title='bbox 1493 221 1691 252; x_wconf 86' lang='lat' dir='ltr'>MINORES</span> 
     </span>
    </p>
   </div>
   <div class='ocr_carea' id='block_1_5' title="bbox 373 334 2027 1112">
    <p class='ocr_par' dir='ltr' id='par_1_5' title="bbox 373 334 2027 1112">
     <span class='ocr_line' id='line_1_5' title="bbox 376 334 2024 392; baseline 0.003 -18"><span class='ocrx_word' id='word_1_9' title='bbox 376 334 596 387; x_wconf 88' lang='lat' dir='ltr'>placitum</span> <span class='ocrx_word' id='word_1_10' title='bbox 630 334 770 375; x_wconf 88' lang='lat' dir='ltr'>solius</span> <span class='ocrx_word' id='word_1_11' title='bbox 804 335 958 388; x_wconf 78' lang='lat' dir='ltr'>placiti</span> <span class='ocrx_word' id='word_1_12' title='bbox 987 336 1322 389; x_wconf 71' lang='lat' dir='ltr'>Wibergensis-</span> <span class='ocrx_word' id='word_1_13' title='bbox 1361 337 1576 390; x_wconf 85' lang='lat' dir='ltr'>Dumque</span> <span class='ocrx_word' id='word_1_14' title='bbox 1607 337 1717 377; x_wconf 91' lang='lat' dir='ltr'>illuc</span> <span class='ocrx_word' id='word_1_15' title='bbox 1747 342 2024 392; x_wconf 82' lang='lat' dir='ltr'>properaret,</span> 
     </span>
     <span class='ocr_line' id='line_1_6' title="bbox 375 407 2025 464; baseline 0.003 -18"><span class='ocrx_word' id='word_1_16' title='bbox 375 407 623 447; x_wconf 84' lang='lat' dir='ltr'>infirmitas</span> <span class='ocrx_word' id='word_1_17' title='bbox 661 407 814 459; x_wconf 80' lang='lat' dir='ltr'>grauis</span> <span class='ocrx_word' id='word_1_18' title='bbox 852 420 956 448; x_wconf 92' lang='lat' dir='ltr'>eum</span> <span class='ocrx_word' id='word_1_19' title='bbox 997 408 1188 460; x_wconf 80' lang='lat' dir='ltr'>inuasit3</span> <span class='ocrx_word' id='word_1_20' title='bbox 1236 413 1277 449; x_wconf 90' lang='lat' dir='ltr'>et</span> <span class='ocrx_word' id='word_1_21' title='bbox 1317 410 1429 449; x_wconf 89' lang='lat' dir='ltr'>dum</span> <span class='ocrx_word' id='word_1_22' title='bbox 1472 423 1642 464; x_wconf 91' lang='lat' dir='ltr'>equum</span> <span class='ocrx_word' id='word_1_23' title='bbox 1675 410 1898 451; x_wconf 86' lang='lat' dir='ltr'>sustinere</span> <span class='ocrx_word' id='word_1_24' title='bbox 1931 423 2025 451; x_wconf 90' lang='lat' dir='ltr'>non</span> 
     </span>
     <span class='ocr_line' id='line_1_7' title="bbox 376 479 2024 535; baseline 0.002 -15"><span class='ocrx_word' id='word_1_25' title='bbox 376 484 542 532; x_wconf 89' lang='lat' dir='ltr'>posset,</span> <span class='ocrx_word' id='word_1_26' title='bbox 588 479 800 521; x_wconf 80' lang='lat' dir='ltr'>vehiculo</span> <span class='ocrx_word' id='word_1_27' title='bbox 841 493 888 521; x_wconf 87' lang='lat' dir='ltr'>se</span> <span class='ocrx_word' id='word_1_28' title='bbox 927 481 1160 534; x_wconf 78' lang='lat' dir='ltr'>imposuit,</span> <span class='ocrx_word' id='word_1_29' title='bbox 1207 481 1363 522; x_wconf 91' lang='lat' dir='ltr'>dicens</span> <span class='ocrx_word' id='word_1_30' title='bbox 1407 495 1454 522; x_wconf 92' lang='lat' dir='ltr'>se</span> <span class='ocrx_word' id='word_1_31' title='bbox 1485 482 1703 535; x_wconf 79' lang='lat' dir='ltr'>hylariter</span> <span class='ocrx_word' id='word_1_32' title='bbox 1733 482 2024 535; x_wconf 87' lang='lat' dir='ltr'>moriturum,</span> 
     </span>
     <span class='ocr_line' id='line_1_8' title="bbox 376 552 2025 610; baseline 0.003 -19"><span class='ocrx_word' id='word_1_33' title='bbox 376 552 413 592; x_wconf 93' lang='lat' dir='ltr'>si</span> <span class='ocrx_word' id='word_1_34' title='bbox 461 552 621 592; x_wconf 90' lang='lat' dir='ltr'>saltem</span> <span class='ocrx_word' id='word_1_35' title='bbox 668 565 748 605; x_wconf 92' lang='lat' dir='ltr'>per</span> <span class='ocrx_word' id='word_1_36' title='bbox 788 552 995 593; x_wconf 88' lang='lat' dir='ltr'>triduum</span> <span class='ocrx_word' id='word_1_37' title='bbox 1044 567 1215 594; x_wconf 92' lang='lat' dir='ltr'>nomen</span> <span class='ocrx_word' id='word_1_38' title='bbox 1260 553 1436 606; x_wconf 82' lang='lat' dir='ltr'>regium</span> <span class='ocrx_word' id='word_1_39' title='bbox 1483 555 1731 596; x_wconf 80' lang='lat' dir='ltr'>habuisset.</span> <span class='ocrx_word' id='word_1_40' title='bbox 1817 555 2025 610; x_wconf 90' lang='lat' dir='ltr'>Cumque</span> 
     </span>
     <span class='ocr_line' id='line_1_9' title="bbox 374 624 2026 681; baseline 0.002 -17"><span class='ocrx_word' id='word_1_41' title='bbox 374 624 870 676; x_wconf 79' lang='lat' dir='ltr'>Vrgente-infirmitate</span> <span class='ocrx_word' id='word_1_42' title='bbox 916 638 1001 666; x_wconf 90' lang='lat' dir='ltr'>nec</span> <span class='ocrx_word' id='word_1_43' title='bbox 1046 626 1311 667; x_wconf 86' lang='lat' dir='ltr'>vehiculum</span> <span class='ocrx_word' id='word_1_44' title='bbox 1362 627 1616 678; x_wconf 80' lang='lat' dir='ltr'>sustineret,</span> <span class='ocrx_word' id='word_1_45' title='bbox 1663 627 1710 668; x_wconf 92' lang='lat' dir='ltr'>in</span> <span class='ocrx_word' id='word_1_46' title='bbox 1749 627 1908 668; x_wconf 82' lang='lat' dir='ltr'>lectica</span> <span class='ocrx_word' id='word_1_47' title='bbox 1946 641 2026 681; x_wconf 90' lang='lat' dir='ltr'>per</span> 
     </span>
     <span class='ocr_line' id='line_1_10' title="bbox 374 697 2025 752; baseline 0.002 -16"><span class='ocrx_word' id='word_1_48' title='bbox 374 697 609 737; x_wconf 89' lang='lat' dir='ltr'>ministros</span> <span class='ocrx_word' id='word_1_49' title='bbox 643 710 688 737; x_wconf 92' lang='lat' dir='ltr'>se</span> <span class='ocrx_word' id='word_1_50' title='bbox 718 697 889 750; x_wconf 90' lang='lat' dir='ltr'>portari</span> <span class='ocrx_word' id='word_1_51' title='bbox 915 698 1032 750; x_wconf 89' lang='lat' dir='ltr'>fecit,</span> <span class='ocrx_word' id='word_1_52' title='bbox 1064 711 1273 739; x_wconf 90' lang='lat' dir='ltr'>asserens</span> <span class='ocrx_word' id='word_1_53' title='bbox 1297 712 1344 739; x_wconf 92' lang='lat' dir='ltr'>se</span> <span class='ocrx_word' id='word_1_54' title='bbox 1368 713 1461 740; x_wconf 90' lang='lat' dir='ltr'>non</span> <span class='ocrx_word' id='word_1_55' title='bbox 1487 703 1770 752; x_wconf 87' lang='lat' dir='ltr'>curaturum,</span> <span class='ocrx_word' id='word_1_56' title='bbox 1802 700 1840 740; x_wconf 92' lang='lat' dir='ltr'>si</span> <span class='ocrx_word' id='word_1_57' title='bbox 1864 700 2025 740; x_wconf 90' lang='lat' dir='ltr'>saltem</span> 
     </span>
     <span class='ocr_line' id='line_1_11' title="bbox 375 769 2026 824; baseline 0.002 -15"><span class='ocrx_word' id='word_1_58' title='bbox 375 769 515 809; x_wconf 92' lang='lat' dir='ltr'>semel</span> <span class='ocrx_word' id='word_1_59' title='bbox 554 782 633 809; x_wconf 78' lang='lat' dir='ltr'>rex</span> <span class='ocrx_word' id='word_1_60' title='bbox 670 774 774 810; x_wconf 89' lang='lat' dir='ltr'>ante</span> <span class='ocrx_word' id='word_1_61' title='bbox 816 774 1010 811; x_wconf 89' lang='lat' dir='ltr'>mortem</span> <span class='ocrx_word' id='word_1_62' title='bbox 1051 784 1076 811; x_wconf 92' lang='lat' dir='ltr'>a</span> <span class='ocrx_word' id='word_1_63' title='bbox 1109 772 1281 824; x_wconf 89' lang='lat' dir='ltr'>populo</span> <span class='ocrx_word' id='word_1_64' title='bbox 1313 776 1566 813; x_wconf 85' lang='lat' dir='ltr'>vocaretur.</span> <span class='ocrx_word' id='word_1_65' title='bbox 1629 771 1716 813; x_wconf 88' lang='lat' dir='ltr'>Sed</span> <span class='ocrx_word' id='word_1_66' title='bbox 1755 773 1867 813; x_wconf 94' lang='lat' dir='ltr'>dum</span> <span class='ocrx_word' id='word_1_67' title='bbox 1911 773 2026 814; x_wconf 88' lang='lat' dir='ltr'>vltra</span> 
     </span>
     <span class='ocr_line' id='line_1_12' title="bbox 373 842 2027 898; baseline 0.002 -16"><span class='ocrx_word' id='word_1_68' title='bbox 373 842 492 883; x_wconf 85' lang='lat' dir='ltr'>vires</span> <span class='ocrx_word' id='word_1_69' title='bbox 523 842 768 892; x_wconf 85' lang='lat' dir='ltr'>festinaret,</span> <span class='ocrx_word' id='word_1_70' title='bbox 816 847 961 884; x_wconf 90' lang='lat' dir='ltr'>morte</span> <span class='ocrx_word' id='word_1_71' title='bbox 1001 856 1171 884; x_wconf 90' lang='lat' dir='ltr'>nomen</span> <span class='ocrx_word' id='word_1_72' title='bbox 1213 844 1389 896; x_wconf 79' lang='lat' dir='ltr'>regium</span> <span class='ocrx_word' id='word_1_73' title='bbox 1421 844 1714 898; x_wconf 88' lang='lat' dir='ltr'>precucurrit.</span> <span class='ocrx_word' id='word_1_74' title='bbox 1777 845 2027 886; x_wconf 87' lang='lat' dir='ltr'>Restabant</span> 
     </span>
     <span class='ocr_line' id='line_1_13' title="bbox 373 914 2025 971; baseline 0.002 -17"><span class='ocrx_word' id='word_1_75' title='bbox 373 914 509 967; x_wconf 83' lang='lat' dir='ltr'>igitur</span> <span class='ocrx_word' id='word_1_76' title='bbox 539 915 671 956; x_wconf 90' lang='lat' dir='ltr'>Vbbo</span> <span class='ocrx_word' id='word_1_77' title='bbox 705 918 746 956; x_wconf 90' lang='lat' dir='ltr'>et</span> <span class='ocrx_word' id='word_1_78' title='bbox 778 915 1053 966; x_wconf 86' lang='lat' dir='ltr'>Nicholaus;</span> <span class='ocrx_word' id='word_1_79' title='bbox 1091 929 1290 971; x_wconf 89' lang='lat' dir='ltr'>cumque</span> <span class='ocrx_word' id='word_1_80' title='bbox 1322 917 1454 958; x_wconf 90' lang='lat' dir='ltr'>Vbbo</span> <span class='ocrx_word' id='word_1_81' title='bbox 1487 921 1671 970; x_wconf 84' lang='lat' dir='ltr'>propter</span> <span class='ocrx_word' id='word_1_82' title='bbox 1703 920 1865 958; x_wconf 89' lang='lat' dir='ltr'>etatem</span> <span class='ocrx_word' id='word_1_83' title='bbox 1898 917 2025 971; x_wconf 90' lang='lat' dir='ltr'>prius</span> 
     </span>
     <span class='ocr_line' id='line_1_14' title="bbox 374 988 2024 1043; baseline 0.002 -16"><span class='ocrx_word' id='word_1_84' title='bbox 374 998 561 1040; x_wconf 87' lang='lat' dir='ltr'>regnare</span> <span class='ocrx_word' id='word_1_85' title='bbox 615 988 818 1040; x_wconf 87' lang='lat' dir='ltr'>deberet,</span> <span class='ocrx_word' id='word_1_86' title='bbox 880 1001 926 1029; x_wconf 91' lang='lat' dir='ltr'>se</span> <span class='ocrx_word' id='word_1_87' title='bbox 981 1001 1206 1030; x_wconf 83' lang='lat' dir='ltr'>excusans</span> <span class='ocrx_word' id='word_1_88' title='bbox 1260 989 1391 1037; x_wconf 84' lang='lat' dir='ltr'>dixit,</span> <span class='ocrx_word' id='word_1_89' title='bbox 1455 990 1732 1030; x_wconf 91' lang='lat' dir='ltr'>Nicholaum</span> <span class='ocrx_word' id='word_1_90' title='bbox 1792 989 2024 1043; x_wconf 85' lang='lat' dir='ltr'>apciorem</span> 
     </span>
     <span class='ocr_line' id='line_1_15' title="bbox 374 1059 654 1112; baseline 0.004 -13"><span class='ocrx_word' id='word_1_91' title='bbox 374 1071 513 1112; x_wconf 84' lang='lat' dir='ltr'>regno</span> <span class='ocrx_word' id='word_1_92' title='bbox 545 1059 654 1101; x_wconf 89' lang='lat' dir='ltr'>fore.</span> 
     </span>
    </p>
   </div>
   <div class='ocr_carea' id='block_1_6' title="bbox 844 1265 1553 1306">
    <p class='ocr_par' dir='ltr' id='par_1_6' title="bbox 844 1265 1553 1306">
     <span class='ocr_line' id='line_1_16' title="bbox 844 1265 1553 1306; baseline 0.001 -1"><span class='ocrx_word' id='word_1_93' title='bbox 844 1265 922 1305; x_wconf 89' lang='lat' dir='ltr'>EX</span> <span class='ocrx_word' id='word_1_94' title='bbox 956 1265 1066 1306; x_wconf 88' lang='lat' dir='ltr'>LIB.</span> <span class='ocrx_word' id='word_1_95' title='bbox 1100 1265 1222 1305; x_wconf 91' lang='lat' dir='ltr'>XIII.</span> <span class='ocrx_word' id='word_1_96' title='bbox 1285 1265 1553 1306; x_wconf 91' lang='lat' dir='ltr'>SAXONIS.</span> 
     </span>
    </p>
   </div>
   <div class='ocr_carea' id='block_1_7' title="bbox 372 1336 2025 2211">
    <p class='ocr_par' dir='ltr' id='par_1_7' title="bbox 372 1336 2025 2211">
     <span class='ocr_line' id='line_1_17' title="bbox 460 1336 2023 1426; baseline 0.001 -14"><span class='ocrx_word' id='word_1_97' title='bbox 460 1371 491 1412; x_wconf 92' lang='grc' dir='ltr'>Ι.</span> <span class='ocrx_word' id='word_1_98' title='bbox 561 1336 910 1415; x_wconf 84' lang='lat' dir='ltr'>Nicholaus</span> <span class='ocrx_word' id='word_1_99' title='bbox 957 1371 1111 1426; x_wconf 88' lang='lat' dir='ltr'>itaque</span> <span class='ocrx_word' id='word_1_100' title='bbox 1158 1376 1370 1425; x_wconf 91' lang='lat' dir='ltr'>suscepto</span> <span class='ocrx_word' id='word_1_101' title='bbox 1416 1383 1556 1425; x_wconf 83' lang='lat' dir='ltr'>regno</span> <span class='ocrx_word' id='word_1_102' title='bbox 1604 1373 1798 1413; x_wconf 89' lang='lat' dir='ltr'>eandem</span> <span class='ocrx_word' id='word_1_103' title='bbox 1839 1385 2023 1413; x_wconf 90' lang='lat' dir='ltr'>morum</span> 
     </span>
     <span class='ocr_line' id='line_1_18' title="bbox 373 1444 2023 1500; baseline 0.001 -16"><span class='ocrx_word' id='word_1_104' title='bbox 373 1444 792 1495; x_wconf 87' lang='lat' dir='ltr'>mansuetudinem,</span> <span class='ocrx_word' id='word_1_105' title='bbox 839 1457 979 1499; x_wconf 90' lang='lat' dir='ltr'>quam</span> <span class='ocrx_word' id='word_1_106' title='bbox 1026 1444 1153 1498; x_wconf 88' lang='lat' dir='ltr'>prius</span> <span class='ocrx_word' id='word_1_107' title='bbox 1193 1445 1429 1498; x_wconf 81' lang='lat' dir='ltr'>habuerat,</span> <span class='ocrx_word' id='word_1_108' title='bbox 1475 1444 1712 1495; x_wconf 89' lang='lat' dir='ltr'>retinebat,</span> <span class='ocrx_word' id='word_1_109' title='bbox 1759 1449 1894 1500; x_wconf 87' lang='lat' dir='ltr'>atque</span> <span class='ocrx_word' id='word_1_110' title='bbox 1940 1458 2023 1499; x_wconf 88' lang='lat' dir='ltr'>pro</span> 
     </span>
     <span class='ocr_line' id='line_1_19' title="bbox 373 1516 2025 1572; baseline 0.001 -15"><span class='ocrx_word' id='word_1_111' title='bbox 373 1516 592 1558; x_wconf 85' lang='lat' dir='ltr'>comitiua</span> <span class='ocrx_word' id='word_1_112' title='bbox 626 1530 708 1557; x_wconf 91' lang='lat' dir='ltr'>sua</span> <span class='ocrx_word' id='word_1_113' title='bbox 740 1529 819 1558; x_wconf 78' lang='lat' dir='ltr'>sex</span> <span class='ocrx_word' id='word_1_114' title='bbox 851 1521 930 1557; x_wconf 91' lang='lat' dir='ltr'>aut</span> <span class='ocrx_word' id='word_1_115' title='bbox 961 1521 1135 1570; x_wconf 89' lang='lat' dir='ltr'>septem</span> <span class='ocrx_word' id='word_1_116' title='bbox 1168 1517 1325 1570; x_wconf 91' lang='lat' dir='ltr'>clipeis</span> <span class='ocrx_word' id='word_1_117' title='bbox 1357 1521 1598 1558; x_wconf 90' lang='lat' dir='ltr'>contentus</span> <span class='ocrx_word' id='word_1_118' title='bbox 1631 1522 1738 1571; x_wconf 89' lang='lat' dir='ltr'>erat,</span> <span class='ocrx_word' id='word_1_119' title='bbox 1784 1531 1842 1558; x_wconf 93' lang='lat' dir='ltr'>ne</span> <span class='ocrx_word' id='word_1_120' title='bbox 1881 1531 2025 1572; x_wconf 90' lang='lat' dir='ltr'>popu-</span> 
     </span>
     <span class='ocr_line' id='line_1_20' title="bbox 375 1589 2023 1643; baseline 0.001 -13"><span class='ocrx_word' id='word_1_121' title='bbox 375 1590 489 1638; x_wconf 87' lang='lat' dir='ltr'>lares</span> <span class='ocrx_word' id='word_1_122' title='bbox 527 1603 606 1643; x_wconf 83' lang='lat' dir='ltr'>per</span> <span class='ocrx_word' id='word_1_123' title='bbox 647 1602 780 1630; x_wconf 89' lang='lat' dir='ltr'>suam</span> <span class='ocrx_word' id='word_1_124' title='bbox 812 1589 1071 1630; x_wconf 88' lang='lat' dir='ltr'>clientelam</span> <span class='ocrx_word' id='word_1_125' title='bbox 1103 1594 1415 1642; x_wconf 82' lang='lat' dir='ltr'>grauarentur.</span> <span class='ocrx_word' id='word_1_126' title='bbox 1480 1590 1620 1630; x_wconf 79' lang='lat' dir='ltr'>Duxit</span> <span class='ocrx_word' id='word_1_127' title='bbox 1650 1595 1803 1631; x_wconf 85' lang='lat' dir='ltr'>autem</span> <span class='ocrx_word' id='word_1_128' title='bbox 1835 1603 2023 1632; x_wconf 87' lang='lat' dir='ltr'>vxorem</span> 
     </span>
     <span class='ocr_line' id='line_1_21' title="bbox 375 1648 2023 1718; baseline 0.001 -17"><span class='ocrx_word' id='word_1_129' title='bbox 375 1662 692 1715; x_wconf 84' lang='lat' dir='ltr'>Margaretam,</span> <span class='ocrx_word' id='word_1_130' title='bbox 725 1662 869 1703; x_wconf 87' lang='lat' dir='ltr'>filiam</span> <span class='ocrx_word' id='word_1_131' title='bbox 888 1662 1074 1715; x_wconf 84' lang='lat' dir='ltr'>Ingonis</span> <span class='ocrx_word' id='word_1_132' title='bbox 1104 1662 1222 1715; x_wconf 82' lang='lat' dir='ltr'>regis</span> <span class='ocrx_word' id='word_1_133' title='bbox 1240 1663 1424 1715; x_wconf 84' lang='lat' dir='ltr'>Swecie,</span> <span class='ocrx_word' id='word_1_134' title='bbox 1456 1675 1596 1716; x_wconf 85' lang='lat' dir='ltr'>quam</span> <span class='ocrx_word' id='word_1_135' title='bbox 1630 1663 1757 1716; x_wconf 90' lang='lat' dir='ltr'>prius</span> <span class='ocrx_word' id='word_1_136' title='bbox 1788 1648 2023 1718; x_wconf 79' lang='lat' dir='ltr'>&lt;Ma9nus&gt;</span> 
     </span>
     <span class='ocr_line' id='line_1_22' title="bbox 372 1730 2022 1789; baseline 0.001 -14"><span class='ocrx_word' id='word_1_137' title='bbox 372 1747 451 1774; x_wconf 81' lang='lat' dir='ltr'>rex</span> <span class='ocrx_word' id='word_1_138' title='bbox 484 1735 720 1787; x_wconf 82' lang='lat' dir='ltr'>Norwegie</span> <span class='ocrx_word' id='word_1_139' title='bbox 752 1735 850 1776; x_wconf 92' lang='lat' dir='ltr'>sine</span> <span class='ocrx_word' id='word_1_140' title='bbox 881 1736 1009 1788; x_wconf 91' lang='lat' dir='ltr'>prole</span> <span class='ocrx_word' id='word_1_141' title='bbox 1040 1735 1265 1775; x_wconf 87' lang='lat' dir='ltr'>habuerat</span> <span class='ocrx_word' id='word_1_142' title='bbox 1288 1730 1504 1786; x_wconf 44' lang='lat' dir='ltr'>&amp;xorem3</span> <span class='ocrx_word' id='word_1_143' title='bbox 1551 1736 1606 1776; x_wconf 93' lang='lat' dir='ltr'>de</span> <span class='ocrx_word' id='word_1_144' title='bbox 1648 1748 1738 1789; x_wconf 86' lang='lat' dir='ltr'>qua</span> <span class='ocrx_word' id='word_1_145' title='bbox 1772 1735 2022 1777; x_wconf 91' lang='lat' dir='ltr'>Nicholaus</span> 
     </span>
     <span class='ocr_line' id='line_1_23' title="bbox 373 1806 2022 1862; baseline 0.001 -15"><span class='ocrx_word' id='word_1_146' title='bbox 373 1806 492 1848; x_wconf 92' lang='lat' dir='ltr'>filios</span> <span class='ocrx_word' id='word_1_147' title='bbox 540 1808 761 1860; x_wconf 85' lang='lat' dir='ltr'>Ingonem</span> <span class='ocrx_word' id='word_1_148' title='bbox 809 1811 851 1849; x_wconf 91' lang='lat' dir='ltr'>et</span> <span class='ocrx_word' id='word_1_149' title='bbox 897 1809 1117 1860; x_wconf 84' lang='lat' dir='ltr'>Magnum</span> <span class='ocrx_word' id='word_1_150' title='bbox 1164 1807 1435 1861; x_wconf 83' lang='lat' dir='ltr'>procreauit.</span> <span class='ocrx_word' id='word_1_151' title='bbox 1528 1809 1637 1860; x_wconf 83' lang='lat' dir='ltr'>lngo</span> <span class='ocrx_word' id='word_1_152' title='bbox 1691 1807 1738 1848; x_wconf 91' lang='lat' dir='ltr'>in</span> <span class='ocrx_word' id='word_1_153' title='bbox 1795 1808 2022 1862; x_wconf 90' lang='lat' dir='ltr'>principio</span> 
     </span>
     <span class='ocr_line' id='line_1_24' title="bbox 373 1880 2023 1936; baseline 0.001 -16"><span class='ocrx_word' id='word_1_154' title='bbox 373 1880 698 1933; x_wconf 89' lang='lat' dir='ltr'>adolescencie,</span> <span class='ocrx_word' id='word_1_155' title='bbox 732 1893 838 1921; x_wconf 87' lang='lat' dir='ltr'>cum</span> <span class='ocrx_word' id='word_1_156' title='bbox 871 1894 1041 1935; x_wconf 86' lang='lat' dir='ltr'>equum</span> <span class='ocrx_word' id='word_1_157' title='bbox 1075 1880 1302 1921; x_wconf 90' lang='lat' dir='ltr'>lasciuum</span> <span class='ocrx_word' id='word_1_158' title='bbox 1335 1881 1569 1934; x_wconf 84' lang='lat' dir='ltr'>equitaret,</span> <span class='ocrx_word' id='word_1_159' title='bbox 1601 1882 1657 1922; x_wconf 90' lang='lat' dir='ltr'>de</span> <span class='ocrx_word' id='word_1_160' title='bbox 1689 1881 1799 1921; x_wconf 88' lang='lat' dir='ltr'>sella</span> <span class='ocrx_word' id='word_1_161' title='bbox 1831 1881 1890 1922; x_wconf 92' lang='lat' dir='ltr'>ob</span> <span class='ocrx_word' id='word_1_162' title='bbox 1918 1881 2023 1936; x_wconf 90' lang='lat' dir='ltr'>equi</span> 
     </span>
     <span class='ocr_line' id='line_1_25' title="bbox 372 1952 2023 2007; baseline 0.002 -15"><span class='ocrx_word' id='word_1_163' title='bbox 372 1952 674 1993; x_wconf 88' lang='lat' dir='ltr'>insolenciam</span> <span class='ocrx_word' id='word_1_164' title='bbox 698 1958 894 2006; x_wconf 91' lang='lat' dir='ltr'>amotus,</span> <span class='ocrx_word' id='word_1_165' title='bbox 928 1954 1004 1994; x_wconf 91' lang='lat' dir='ltr'>sed</span> <span class='ocrx_word' id='word_1_166' title='bbox 1038 1966 1118 2006; x_wconf 90' lang='lat' dir='ltr'>per</span> <span class='ocrx_word' id='word_1_167' title='bbox 1149 1956 1348 2007; x_wconf 89' lang='lat' dir='ltr'>strepam</span> <span class='ocrx_word' id='word_1_168' title='bbox 1382 1954 1496 2006; x_wconf 90' lang='lat' dir='ltr'>pede</span> <span class='ocrx_word' id='word_1_169' title='bbox 1519 1957 1734 2006; x_wconf 88' lang='lat' dir='ltr'>retentus,</span> <span class='ocrx_word' id='word_1_170' title='bbox 1767 1954 1827 1994; x_wconf 93' lang='lat' dir='ltr'>ob</span> <span class='ocrx_word' id='word_1_171' title='bbox 1852 1954 2023 1995; x_wconf 87' lang='lat' dir='ltr'>discur-</span> 
     </span>
     <span class='ocr_line' id='line_1_26' title="bbox 373 2025 2023 2079; baseline 0.001 -14"><span class='ocrx_word' id='word_1_172' title='bbox 373 2038 475 2065; x_wconf 91' lang='lat' dir='ltr'>sum</span> <span class='ocrx_word' id='word_1_173' title='bbox 509 2025 614 2079; x_wconf 84' lang='lat' dir='ltr'>equi</span> <span class='ocrx_word' id='word_1_174' title='bbox 645 2039 788 2079; x_wconf 77' lang='lat' dir='ltr'>Vsque</span> <span class='ocrx_word' id='word_1_175' title='bbox 819 2026 874 2066; x_wconf 91' lang='lat' dir='ltr'>ad</span> <span class='ocrx_word' id='word_1_176' title='bbox 910 2029 1105 2066; x_wconf 85' lang='lat' dir='ltr'>mortem</span> <span class='ocrx_word' id='word_1_177' title='bbox 1134 2038 1271 2079; x_wconf 90' lang='lat' dir='ltr'>super</span> <span class='ocrx_word' id='word_1_178' title='bbox 1293 2030 1460 2066; x_wconf 87' lang='lat' dir='ltr'>terram</span> <span class='ocrx_word' id='word_1_179' title='bbox 1486 2029 1659 2067; x_wconf 91' lang='lat' dir='ltr'>tractus</span> <span class='ocrx_word' id='word_1_180' title='bbox 1685 2030 1728 2066; x_wconf 91' lang='lat' dir='ltr'>et</span> <span class='ocrx_word' id='word_1_181' title='bbox 1749 2026 2023 2067; x_wconf 87' lang='lat' dir='ltr'>dilaceratus</span> 
     </span>
     <span class='ocr_line' id='line_1_27' title="bbox 373 2098 2023 2152; baseline 0.001 -14"><span class='ocrx_word' id='word_1_182' title='bbox 373 2101 461 2148; x_wconf 83' lang='lat' dir='ltr'>est3</span> <span class='ocrx_word' id='word_1_183' title='bbox 509 2098 703 2150; x_wconf 83' lang='lat' dir='ltr'>Magnus</span> <span class='ocrx_word' id='word_1_184' title='bbox 734 2111 841 2139; x_wconf 86' lang='lat' dir='ltr'>vero</span> <span class='ocrx_word' id='word_1_185' title='bbox 874 2102 1103 2152; x_wconf 89' lang='lat' dir='ltr'>superstes</span> <span class='ocrx_word' id='word_1_186' title='bbox 1135 2098 1285 2139; x_wconf 89' lang='lat' dir='ltr'>bonus</span> <span class='ocrx_word' id='word_1_187' title='bbox 1318 2099 1365 2139; x_wconf 91' lang='lat' dir='ltr'>in</span> <span class='ocrx_word' id='word_1_188' title='bbox 1397 2099 1639 2152; x_wconf 82' lang='lat' dir='ltr'>principio,</span> <span class='ocrx_word' id='word_1_189' title='bbox 1686 2102 1843 2152; x_wconf 89' lang='lat' dir='ltr'>postea</span> <span class='ocrx_word' id='word_1_190' title='bbox 1885 2099 2023 2152; x_wconf 89' lang='lat' dir='ltr'>pessi-</span> 
     </span>
     <span class='ocr_line' id='line_1_28' title="bbox 373 2170 606 2211; baseline 0 -1"><span class='ocrx_word' id='word_1_191' title='bbox 373 2183 478 2210; x_wconf 90' lang='lat' dir='ltr'>mus</span> <span class='ocrx_word' id='word_1_192' title='bbox 509 2170 606 2211; x_wconf 87' lang='lat' dir='ltr'>fuit.</span> 
     </span>
    </p>
   </div>
   <div class='ocr_carea' id='block_1_8' title="bbox 379 2262 1154 2266">
    <p class='ocr_par' dir='ltr' id='par_1_8' title="bbox 379 2262 1154 2266">
     <span class='ocr_line' id='line_1_29' title="bbox 379 2262 1154 2266; baseline 0 0"><span class='ocrx_word' id='word_1_193' title='bbox 379 2262 1154 2266; x_wconf 95' lang='lat' dir='ltr'> </span> 
     </span>
    </p>
   </div>
   <div class='ocr_carea' id='block_1_9' title="bbox 372 2323 2022 3048">
    <p class='ocr_par' dir='ltr' id='par_1_9' title="bbox 372 2323 2022 3048">
     <span class='ocr_line' id='line_1_30' title="bbox 463 2323 2020 2371; baseline 0.001 -12"><span class='ocrx_word' id='word_1_194' title='bbox 463 2325 495 2360; x_wconf 89' lang='lat'>1.</span> <span class='ocrx_word' id='word_1_195' title='bbox 527 2324 659 2360; x_wconf 89' lang='lat' dir='ltr'>solius</span> <span class='ocrx_word' id='word_1_196' title='bbox 690 2335 791 2361; x_wconf 80' lang='lat' dir='ltr'>corr.</span> <span class='ocrx_word' id='word_1_197' title='bbox 824 2334 873 2360; x_wconf 79' lang='lat' dir='ltr'>eae</span> <span class='ocrx_word' id='word_1_198' title='bbox 903 2323 1041 2360; x_wconf 91' lang='lat' dir='ltr'>solum</span> <span class='ocrx_word' id='word_1_199' title='bbox 1075 2325 1128 2370; x_wconf 71' lang='lat' dir='ltr'>D,</span> <span class='ocrx_word' id='word_1_200' title='bbox 1175 2324 1255 2360; x_wconf 91' lang='lat' dir='ltr'>sibi</span> <span class='ocrx_word' id='word_1_201' title='bbox 1294 2324 1387 2362; x_wconf 83' lang='lat' dir='ltr'>suff.</span> <span class='ocrx_word' id='word_1_202' title='bbox 1427 2324 1618 2360; x_wconf 88' lang='lat' dir='ltr'>crederet</span> <span class='ocrx_word' id='word_1_203' title='bbox 1649 2324 1786 2360; x_wconf 91' lang='lat' dir='ltr'>solum</span> <span class='ocrx_word' id='word_1_204' title='bbox 1819 2324 2020 2371; x_wconf 89' lang='lat' dir='ltr'>placitum</span> 
     </span>
     <span class='ocr_line' id='line_1_31' title="bbox 373 2379 2022 2430; baseline -0.001 -12"><span class='ocrx_word' id='word_1_205' title='bbox 373 2381 662 2427; x_wconf 84' lang='lat' dir='ltr'>Wyburgense</span> <span class='ocrx_word' id='word_1_206' title='bbox 699 2379 990 2430; x_wconf 83' lang='lat' dir='ltr'>(Viburgense)</span> <span class='ocrx_word' id='word_1_207' title='bbox 1026 2379 1141 2430; x_wconf 60' lang='lat' dir='ltr'>MS),</span> <span class='ocrx_word' id='word_1_208' title='bbox 1186 2384 1223 2419; x_wconf 84' lang='lat' dir='ltr'>et</span> <span class='ocrx_word' id='word_1_209' title='bbox 1267 2381 1435 2428; x_wconf 83' lang='lat' dir='ltr'>offendit</span> <span class='ocrx_word' id='word_1_210' title='bbox 1474 2392 1574 2418; x_wconf 83' lang='lat' dir='ltr'>sane</span> <span class='ocrx_word' id='word_1_211' title='bbox 1613 2381 1764 2428; x_wconf 78' lang='lat' dir='ltr'>duplex</span> <span class='ocrx_word' id='word_1_212' title='bbox 1799 2381 2022 2428; x_wconf 81' lang='lat' dir='ltr'>placitum3</span> 
     </span>
     <span class='ocr_line' id='line_1_32' title="bbox 373 2438 2021 2486; baseline 0.001 -12"><span class='ocrx_word' id='word_1_213' title='bbox 373 2438 534 2475; x_wconf 80' lang='lat' dir='ltr'>malim:</span> <span class='ocrx_word' id='word_1_214' title='bbox 569 2438 776 2475; x_wconf 87' lang='lat' dir='ltr'>delectum</span> <span class='ocrx_word' id='word_1_215' title='bbox 809 2450 838 2475; x_wconf 90' lang='lat' dir='ltr'>s.</span> <span class='ocrx_word' id='word_1_216' title='bbox 864 2450 901 2485; x_wconf 94' lang='lat' dir='ltr'>p.</span> <span class='ocrx_word' id='word_1_217' title='bbox 929 2439 987 2476; x_wconf 92' lang='lat' dir='ltr'>W.</span> <span class='ocrx_word' id='word_1_218' title='bbox 1062 2439 1149 2474; x_wconf 90' lang='lat' dir='ltr'>illic</span> <span class='ocrx_word' id='word_1_219' title='bbox 1173 2439 1211 2476; x_wconf 91' lang='lat' dir='ltr'>S.</span> <span class='ocrx_word' id='word_1_220' title='bbox 1274 2438 1308 2475; x_wconf 91' lang='lat'>3.</span> <span class='ocrx_word' id='word_1_221' title='bbox 1342 2450 1386 2475; x_wconf 88' lang='lat' dir='ltr'>se</span> <span class='ocrx_word' id='word_1_222' title='bbox 1414 2439 1587 2475; x_wconf 81' lang='lat' dir='ltr'>alterum</span> <span class='ocrx_word' id='word_1_223' title='bbox 1613 2449 1691 2475; x_wconf 88' lang='lat' dir='ltr'>om.</span> <span class='ocrx_word' id='word_1_224' title='bbox 1718 2439 1757 2475; x_wconf 92' lang='lat' dir='ltr'>S.</span> <span class='ocrx_word' id='word_1_225' title='bbox 1819 2440 1853 2476; x_wconf 88' lang='lat'>6.</span> <span class='ocrx_word' id='word_1_226' title='bbox 1886 2439 2021 2486; x_wconf 78' lang='lat' dir='ltr'>separi</span> 
     </span>
     <span class='ocr_line' id='line_1_33' title="bbox 372 2495 2019 2544; baseline 0.001 -13"><span class='ocrx_word' id='word_1_227' title='bbox 372 2495 470 2532; x_wconf 90' lang='lat' dir='ltr'>fecit</span> <span class='ocrx_word' id='word_1_228' title='bbox 493 2496 539 2532; x_wconf 83' lang='lat' dir='ltr'>V.</span> <span class='ocrx_word' id='word_1_229' title='bbox 601 2497 635 2532; x_wconf 92' lang='lat'>7.</span> <span class='ocrx_word' id='word_1_230' title='bbox 668 2507 689 2531; x_wconf 89' lang='lat' dir='ltr'>a</span> <span class='ocrx_word' id='word_1_231' title='bbox 721 2496 882 2543; x_wconf 89' lang='lat' dir='ltr'>populo</span> <span class='ocrx_word' id='word_1_232' title='bbox 914 2499 1010 2532; x_wconf 89' lang='lat' dir='ltr'>ante</span> <span class='ocrx_word' id='word_1_233' title='bbox 1041 2499 1218 2532; x_wconf 85' lang='lat' dir='ltr'>mortem</span> <span class='ocrx_word' id='word_1_234' title='bbox 1243 2508 1279 2533; x_wconf 90' lang='lat' dir='ltr'>v.</span> <span class='ocrx_word' id='word_1_235' title='bbox 1305 2496 1381 2534; x_wconf 77' lang='lat' dir='ltr'>AS.</span> <span class='ocrx_word' id='word_1_236' title='bbox 1445 2497 1480 2533; x_wconf 88' lang='lat'>8.</span> <span class='ocrx_word' id='word_1_237' title='bbox 1511 2497 1755 2544; x_wconf 85' lang='lat' dir='ltr'>precucurit</span> <span class='ocrx_word' id='word_1_238' title='bbox 1779 2496 1872 2542; x_wconf 91' lang='lat' dir='ltr'>DV;</span> <span class='ocrx_word' id='word_1_239' title='bbox 1904 2507 2019 2532; x_wconf 87' lang='lat' dir='ltr'>mors</span> 
     </span>
     <span class='ocr_line' id='line_1_34' title="bbox 373 2552 2022 2601; baseline 0.001 -12"><span class='ocrx_word' id='word_1_240' title='bbox 373 2564 526 2589; x_wconf 90' lang='lat' dir='ltr'>nomen</span> <span class='ocrx_word' id='word_1_241' title='bbox 553 2553 713 2600; x_wconf 84' lang='lat' dir='ltr'>regium</span> <span class='ocrx_word' id='word_1_242' title='bbox 739 2553 1018 2600; x_wconf 78' lang='lat' dir='ltr'>precurritA3</span> <span class='ocrx_word' id='word_1_243' title='bbox 1050 2565 1164 2590; x_wconf 91' lang='lat' dir='ltr'>mors</span> <span class='ocrx_word' id='word_1_244' title='bbox 1190 2562 1364 2600; x_wconf 86' lang='lat' dir='ltr'>regnum</span> <span class='ocrx_word' id='word_1_245' title='bbox 1392 2554 1658 2601; x_wconf 88' lang='lat' dir='ltr'>precucurrit</span> <span class='ocrx_word' id='word_1_246' title='bbox 1676 2553 1716 2590; x_wconf 90' lang='lat' dir='ltr'>S.</span> <span class='ocrx_word' id='word_1_247' title='bbox 1777 2554 1813 2590; x_wconf 82' lang='lat'>9.</span> <span class='ocrx_word' id='word_1_248' title='bbox 1837 2552 1956 2590; x_wconf 80' lang='lat' dir='ltr'>verba</span> <span class='ocrx_word' id='word_1_249' title='bbox 1983 2557 2022 2589; x_wconf 86' lang='lat' dir='ltr'>et</span> 
     </span>
     <span class='ocr_line' id='line_1_35' title="bbox 373 2608 2020 2657; baseline 0.001 -11"><span class='ocrx_word' id='word_1_250' title='bbox 373 2610 617 2647; x_wconf 88' lang='lat' dir='ltr'>Nicholaus.</span> <span class='ocrx_word' id='word_1_251' title='bbox 671 2621 853 2657; x_wconf 87' lang='lat' dir='ltr'>cumque</span> <span class='ocrx_word' id='word_1_252' title='bbox 901 2611 1016 2647; x_wconf 89' lang='lat' dir='ltr'>Vbbo</span> <span class='ocrx_word' id='word_1_253' title='bbox 1069 2621 1146 2647; x_wconf 85' lang='lat' dir='ltr'>om.</span> <span class='ocrx_word' id='word_1_254' title='bbox 1193 2608 1238 2648; x_wconf 84' lang='grc' dir='ltr'>Ᾱ.</span> <span class='ocrx_word' id='word_1_255' title='bbox 1348 2611 1466 2647; x_wconf 89' lang='lat' dir='ltr'>Vbbo</span> <span class='ocrx_word' id='word_1_256' title='bbox 1520 2611 1646 2647; x_wconf 82' lang='lat' dir='ltr'>altero</span> <span class='ocrx_word' id='word_1_257' title='bbox 1700 2611 1784 2647; x_wconf 84' lang='lat' dir='ltr'>loco</span> <span class='ocrx_word' id='word_1_258' title='bbox 1837 2621 1915 2648; x_wconf 90' lang='lat' dir='ltr'>om.</span> <span class='ocrx_word' id='word_1_259' title='bbox 1975 2611 2020 2647; x_wconf 93' lang='lat' dir='ltr'>D.</span> 
     </span>
     <span class='ocr_line' id='line_1_36' title="bbox 376 2667 2021 2715; baseline 0.001 -12"><span class='ocrx_word' id='word_1_260' title='bbox 376 2668 437 2704; x_wconf 91' lang='lat'>10.</span> <span class='ocrx_word' id='word_1_261' title='bbox 484 2678 688 2704; x_wconf 86' lang='lat' dir='ltr'>accusans</span> <span class='ocrx_word' id='word_1_262' title='bbox 735 2669 780 2704; x_wconf 95' lang='lat' dir='ltr'>V.</span> <span class='ocrx_word' id='word_1_263' title='bbox 884 2667 986 2704; x_wconf 84' lang='lat' dir='ltr'>dixit</span> <span class='ocrx_word' id='word_1_264' title='bbox 1031 2678 1108 2705; x_wconf 87' lang='lat' dir='ltr'>om.</span> <span class='ocrx_word' id='word_1_265' title='bbox 1156 2668 1195 2704; x_wconf 91' lang='lat' dir='ltr'>S.</span> <span class='ocrx_word' id='word_1_266' title='bbox 1242 2690 1284 2693; x_wconf 97' lang='lat'><strong>—</strong></span> <span class='ocrx_word' id='word_1_267' title='bbox 1333 2668 1396 2705; x_wconf 91' lang='lat'>12.</span> <span class='ocrx_word' id='word_1_268' title='bbox 1443 2668 1656 2715; x_wconf 75' lang='lat' dir='ltr'>Inscriptio</span> <span class='ocrx_word' id='word_1_269' title='bbox 1703 2668 1744 2704; x_wconf 86' lang='lat' dir='ltr'>in</span> <span class='ocrx_word' id='word_1_270' title='bbox 1793 2668 1845 2704; x_wconf 89' lang='lat' dir='ltr'>D:</span> <span class='ocrx_word' id='word_1_271' title='bbox 1898 2668 2021 2704; x_wconf 87' lang='lat' dir='ltr'>lliber</span> 
     </span>
     <span class='ocr_line' id='line_1_37' title="bbox 375 2724 2019 2772; baseline 0 -11"><span class='ocrx_word' id='word_1_272' title='bbox 375 2725 534 2761; x_wconf 85' lang='lat' dir='ltr'>saxonis</span> <span class='ocrx_word' id='word_1_273' title='bbox 569 2725 630 2762; x_wconf 86' lang='lat'>13.</span> <span class='ocrx_word' id='word_1_274' title='bbox 681 2725 911 2762; x_wconf 87' lang='lat' dir='ltr'>Nicholaus</span> <span class='ocrx_word' id='word_1_275' title='bbox 946 2726 1033 2771; x_wconf 80' lang='lat'>7693</span> <span class='ocrx_word' id='word_1_276' title='bbox 1081 2726 1123 2761; x_wconf 83' lang='lat' dir='ltr'>in</span> <span class='ocrx_word' id='word_1_277' title='bbox 1154 2727 1207 2762; x_wconf 77' lang='lat' dir='ltr'>A:</span> <span class='ocrx_word' id='word_1_278' title='bbox 1255 2726 1315 2761; x_wconf 89' lang='lat' dir='ltr'>De</span> <span class='ocrx_word' id='word_1_279' title='bbox 1350 2726 1456 2772; x_wconf 84' lang='lat' dir='ltr'>Rege</span> <span class='ocrx_word' id='word_1_280' title='bbox 1488 2725 1675 2771; x_wconf 88' lang='lat' dir='ltr'>Nicolao,</span> <span class='ocrx_word' id='word_1_281' title='bbox 1721 2726 1758 2762; x_wconf 80' lang='lat' dir='ltr'>et</span> <span class='ocrx_word' id='word_1_282' title='bbox 1798 2724 1839 2760; x_wconf 84' lang='lat' dir='ltr'>in</span> <span class='ocrx_word' id='word_1_283' title='bbox 1870 2735 2019 2771; x_wconf 53' lang='lat' dir='ltr'>mara:</span> 
     </span>
     <span class='ocr_line' id='line_1_38' title="bbox 372 2781 2019 2820; baseline 0 -2"><span class='ocrx_word' id='word_1_284' title='bbox 372 2792 477 2819; x_wconf 75' lang='lat' dir='ltr'>xcvi.</span> <span class='ocrx_word' id='word_1_285' title='bbox 519 2782 632 2819; x_wconf 83' lang='lat' dir='ltr'>Niels</span> <span class='ocrx_word' id='word_1_286' title='bbox 671 2783 809 2819; x_wconf 90' lang='lat' dir='ltr'>Eriiks</span> <span class='ocrx_word' id='word_1_287' title='bbox 852 2783 1018 2820; x_wconf 86' lang='lat' dir='ltr'>broder.</span> <span class='ocrx_word' id='word_1_288' title='bbox 1067 2804 1108 2808; x_wconf 97' lang='lat'><strong>—</strong></span> <span class='ocrx_word' id='word_1_289' title='bbox 1158 2784 1220 2819; x_wconf 84' lang='lat'>14.</span> <span class='ocrx_word' id='word_1_290' title='bbox 1252 2783 1599 2820; x_wconf 84' lang='lat' dir='ltr'>consuetudinem</span> <span class='ocrx_word' id='word_1_291' title='bbox 1631 2784 1675 2819; x_wconf 83' lang='grc' dir='ltr'>Α.</span> <span class='ocrx_word' id='word_1_292' title='bbox 1764 2782 1913 2819; x_wconf 89' lang='lat' dir='ltr'>habuit</span> <span class='ocrx_word' id='word_1_293' title='bbox 1942 2781 2019 2819; x_wconf 75' lang='lat' dir='ltr'>AS.</span> 
     </span>
     <span class='ocr_line' id='line_1_39' title="bbox 377 2839 2018 2877; baseline 0.001 -2"><span class='ocrx_word' id='word_1_294' title='bbox 377 2840 541 2876; x_wconf 87' lang='lat'>14—15.</span> <span class='ocrx_word' id='word_1_295' title='bbox 596 2839 715 2876; x_wconf 82' lang='lat' dir='ltr'>verba</span> <span class='ocrx_word' id='word_1_296' title='bbox 761 2840 1005 2877; x_wconf 84' lang='lat' dir='ltr'>retinebat.</span> <span class='ocrx_word' id='word_1_297' title='bbox 1039 2869 1046 2877; x_wconf 92' lang='lat'>.</span> <span class='ocrx_word' id='word_1_298' title='bbox 1078 2843 1301 2876; x_wconf 86' lang='lat' dir='ltr'>contentus</span> <span class='ocrx_word' id='word_1_299' title='bbox 1347 2851 1424 2877; x_wconf 89' lang='lat' dir='ltr'>om.</span> <span class='ocrx_word' id='word_1_300' title='bbox 1472 2841 1511 2877; x_wconf 91' lang='lat' dir='ltr'>S.</span> <span class='ocrx_word' id='word_1_301' title='bbox 1619 2841 1680 2876; x_wconf 90' lang='lat'>15.</span> <span class='ocrx_word' id='word_1_302' title='bbox 1728 2850 1804 2876; x_wconf 88' lang='lat' dir='ltr'>sua</span> <span class='ocrx_word' id='word_1_303' title='bbox 1850 2850 1929 2876; x_wconf 87' lang='lat' dir='ltr'>om.</span> <span class='ocrx_word' id='word_1_304' title='bbox 1973 2840 2018 2876; x_wconf 76' lang='lat' dir='ltr'>A.</span> 
     </span>
     <span class='ocr_line' id='line_1_40' title="bbox 373 2892 2018 2946; baseline 0.001 -15"><span class='ocrx_word' id='word_1_305' title='bbox 373 2900 462 2933; x_wconf 81' lang='lat' dir='ltr'>erat</span> <span class='ocrx_word' id='word_1_306' title='bbox 507 2900 615 2933; x_wconf 88' lang='lat' dir='ltr'>cont.</span> <span class='ocrx_word' id='word_1_307' title='bbox 655 2898 699 2934; x_wconf 92' lang='lat' dir='ltr'>D.</span> <span class='ocrx_word' id='word_1_308' title='bbox 780 2898 840 2934; x_wconf 84' lang='lat'>16.</span> <span class='ocrx_word' id='word_1_309' title='bbox 878 2900 1128 2943; x_wconf 83' lang='lat' dir='ltr'>grauaretur</span> <span class='ocrx_word' id='word_1_310' title='bbox 1160 2897 1205 2933; x_wconf 87' lang='lat' dir='ltr'>S.</span> <span class='ocrx_word' id='word_1_311' title='bbox 1295 2901 1432 2934; x_wconf 85' lang='lat' dir='ltr'>autern</span> <span class='ocrx_word' id='word_1_312' title='bbox 1476 2896 1595 2942; x_wconf 73' lang='lat' dir='ltr'>DAS3</span> <span class='ocrx_word' id='word_1_313' title='bbox 1638 2908 1687 2933; x_wconf 90' lang='lat' dir='ltr'>.n.</span> <span class='ocrx_word' id='word_1_314' title='bbox 1728 2895 1793 2946; x_wconf 71' lang='lat' dir='ltr'>(z</span> <span class='ocrx_word' id='word_1_315' title='bbox 1816 2894 1943 2945; x_wconf 89' lang='lat' dir='ltr'>enim)</span> <span class='ocrx_word' id='word_1_316' title='bbox 1973 2892 2018 2933; x_wconf 89' lang='lat' dir='ltr'>V.</span> 
     </span>
     <span class='ocr_line' id='line_1_41' title="bbox 376 2953 2018 3000; baseline 0 -11"><span class='ocrx_word' id='word_1_317' title='bbox 376 2954 438 2990; x_wconf 89' lang='lat'>17.</span> <span class='ocrx_word' id='word_1_318' title='bbox 472 2955 644 3000; x_wconf 83' lang='lat' dir='ltr'>Magnus</span> <span class='ocrx_word' id='word_1_319' title='bbox 676 2954 819 2990; x_wconf 80' lang='lat' dir='ltr'>addidi</span> <span class='ocrx_word' id='word_1_320' title='bbox 847 2965 897 2990; x_wconf 77' lang='lat' dir='ltr'>ex</span> <span class='ocrx_word' id='word_1_321' title='bbox 922 2953 1093 2991; x_wconf 72' lang='lat' dir='ltr'>Saxone.</span> <span class='ocrx_word' id='word_1_322' title='bbox 1156 2955 1217 2991; x_wconf 87' lang='lat'>19.</span> <span class='ocrx_word' id='word_1_323' title='bbox 1252 2955 1360 2991; x_wconf 86' lang='lat' dir='ltr'>filios</span> <span class='ocrx_word' id='word_1_324' title='bbox 1389 2966 1467 2991; x_wconf 89' lang='lat' dir='ltr'>om.</span> <span class='ocrx_word' id='word_1_325' title='bbox 1496 2954 1608 2991; x_wconf 79' lang='lat' dir='ltr'>VAS.</span> <span class='ocrx_word' id='word_1_326' title='bbox 1671 2955 1735 2990; x_wconf 87' lang='lat'>21.</span> <span class='ocrx_word' id='word_1_327' title='bbox 1767 2957 1931 2990; x_wconf 64' lang='lat' dir='ltr'>amotus</span> <span class='ocrx_word' id='word_1_328' title='bbox 1965 2954 2018 3000; x_wconf 75' lang='lat' dir='ltr'>D,</span> 
     </span>
     <span class='ocr_line' id='line_1_42' title="bbox 373 3011 780 3048; baseline 0.007 -3"><span class='ocrx_word' id='word_1_329' title='bbox 373 3015 537 3047; x_wconf 67' lang='lat' dir='ltr'>amotus</span> <span class='ocrx_word' id='word_1_330' title='bbox 574 3015 633 3047; x_wconf 81' lang='lat' dir='ltr'>est</span> <span class='ocrx_word' id='word_1_331' title='bbox 666 3011 780 3048; x_wconf 74' lang='lat' dir='ltr'>VAS.</span> 
     </span>
    </p>
   </div>
  </div>
 </body>
</html>
