<?xml version="1.0" encoding="UTF-8"?>
<!DOCTYPE html PUBLIC "-//W3C//DTD XHTML 1.0 Transitional//EN"
    "http://www.w3.org/TR/xhtml1/DTD/xhtml1-transitional.dtd">
<html xmlns="http://www.w3.org/1999/xhtml" xml:lang="en" lang="en">
 <head>
  <title>
</title>
<meta http-equiv="Content-Type" content="text/html;charset=utf-8" />
  <meta name='ocr-system' content='tesseract 3.04.00' />
  <meta name='ocr-capabilities' content='ocr_page ocr_carea ocr_par ocr_line ocrx_word'/>
</head>
<body>
  <div class='ocr_page' id='page_1' title='image "./scriptoresminore112gert_0049.png"; bbox 0 0 2150 3584; ppageno 0'>
   <div class='ocr_carea' id='block_1_1' title="bbox 387 1041 1462 1191">
    <p class='ocr_par' dir='ltr' id='par_1_1' title="bbox 387 1041 1462 1191">
     <span class='ocr_line' id='line_1_1' title="bbox 490 1041 1357 1089; baseline -0.002 0"><span class='ocrx_word' id='word_1_1' title='bbox 490 1042 894 1089; x_wconf 75' lang='lat' dir='ltr'>CHRONICON</span> <span class='ocrx_word' id='word_1_2' title='bbox 936 1041 1357 1088; x_wconf 84' lang='lat' dir='ltr'>LETHRENSE.</span> 
     </span>
     <span class='ocr_line' id='line_1_2' title="bbox 387 1140 1462 1191; baseline 0 -9"><span class='ocrx_word' id='word_1_3' title='bbox 387 1142 467 1182; x_wconf 91' lang='lat' dir='ltr'>DE</span> <span class='ocrx_word' id='word_1_4' title='bbox 499 1140 944 1191; x_wconf 86' lang='lat' dir='ltr'>ANTIQVISSIMIS</span> <span class='ocrx_word' id='word_1_5' title='bbox 978 1140 1165 1180; x_wconf 90' lang='lat' dir='ltr'>DANIE</span> <span class='ocrx_word' id='word_1_6' title='bbox 1200 1141 1462 1182; x_wconf 86' lang='lat' dir='ltr'>REGIBVS.</span> 
     </span>
    </p>
   </div>
   <div class='ocr_carea' id='block_1_2' title="bbox 101 1225 1791 1890">
    <p class='ocr_par' dir='ltr' id='par_1_2' title="bbox 101 1225 1791 1890">
     <span class='ocr_line' id='line_1_3' title="bbox 187 1225 1747 1313; baseline -0.001 -13"><span class='ocrx_word' id='word_1_7' title='bbox 187 1261 217 1300; x_wconf 94' lang='grc' dir='ltr'>Ι.</span> <span class='ocrx_word' id='word_1_8' title='bbox 292 1225 442 1301; x_wconf 63' lang='lat' dir='ltr'>Hunno</span> <span class='ocrx_word' id='word_1_9' title='bbox 475 1264 678 1312; x_wconf 86' lang='lat' dir='ltr'>tempore</span> <span class='ocrx_word' id='word_1_10' title='bbox 712 1259 957 1300; x_wconf 85' lang='lat' dir='ltr'>iuuadente</span> <span class='ocrx_word' id='word_1_11' title='bbox 990 1259 1180 1300; x_wconf 79' lang='lat' dir='ltr'>Daciam</span> <span class='ocrx_word' id='word_1_12' title='bbox 1217 1259 1508 1313; x_wconf 79' lang='lat' dir='ltr'>Imperatore,</span> <span class='ocrx_word' id='word_1_13' title='bbox 1555 1260 1598 1299; x_wconf 84' lang='lat' dir='ltr'>in</span> <span class='ocrx_word' id='word_1_14' title='bbox 1634 1264 1747 1300; x_wconf 85' lang='lat' dir='ltr'>etate</span> 
     </span>
     <span class='ocr_line' id='line_1_4' title="bbox 102 1331 1746 1386; baseline -0.001 -13"><span class='ocrx_word' id='word_1_15' title='bbox 102 1333 266 1384; x_wconf 85' lang='lat' dir='ltr'>Dauid,</span> <span class='ocrx_word' id='word_1_16' title='bbox 313 1336 462 1386; x_wconf 85' lang='lat' dir='ltr'>partes</span> <span class='ocrx_word' id='word_1_17' title='bbox 502 1332 602 1372; x_wconf 91' lang='lat' dir='ltr'>iste:</span> <span class='ocrx_word' id='word_1_18' title='bbox 665 1331 812 1380; x_wconf 86' lang='lat' dir='ltr'>Jucia,</span> <span class='ocrx_word' id='word_1_19' title='bbox 862 1331 1046 1383; x_wconf 86' lang='lat' dir='ltr'>Feonia,</span> <span class='ocrx_word' id='word_1_20' title='bbox 1094 1331 1340 1383; x_wconf 87' lang='lat' dir='ltr'>Sialandia,</span> <span class='ocrx_word' id='word_1_21' title='bbox 1389 1333 1511 1380; x_wconf 73' lang='lat' dir='ltr'>Mon,</span> <span class='ocrx_word' id='word_1_22' title='bbox 1559 1333 1746 1382; x_wconf 82' lang='lat' dir='ltr'>Falster,</span> 
     </span>
     <span class='ocr_line' id='line_1_5' title="bbox 102 1403 1745 1458; baseline -0.001 -12"><span class='ocrx_word' id='word_1_23' title='bbox 102 1406 291 1458; x_wconf 84' lang='lat' dir='ltr'>Laland,</span> <span class='ocrx_word' id='word_1_24' title='bbox 324 1404 501 1456; x_wconf 86' lang='lat' dir='ltr'>Scania‚</span> <span class='ocrx_word' id='word_1_25' title='bbox 533 1417 626 1444; x_wconf 91' lang='lat' dir='ltr'>non</span> <span class='ocrx_word' id='word_1_26' title='bbox 659 1404 929 1444; x_wconf 73' lang='lat' dir='ltr'>dicebantur</span> <span class='ocrx_word' id='word_1_27' title='bbox 961 1403 1107 1444; x_wconf 88' lang='lat' dir='ltr'>Dania</span> <span class='ocrx_word' id='word_1_28' title='bbox 1142 1405 1214 1444; x_wconf 87' lang='lat' dir='ltr'>uel</span> <span class='ocrx_word' id='word_1_29' title='bbox 1248 1404 1403 1455; x_wconf 88' lang='lat' dir='ltr'>Dacia,</span> <span class='ocrx_word' id='word_1_30' title='bbox 1443 1404 1559 1445; x_wconf 91' lang='lat' dir='ltr'>sicut</span> <span class='ocrx_word' id='word_1_31' title='bbox 1590 1408 1745 1457; x_wconf 79' lang='lat' dir='ltr'>postea</span> 
     </span>
     <span class='ocr_line' id='line_1_6' title="bbox 101 1462 1745 1531; baseline 0 -14"><span class='ocrx_word' id='word_1_32' title='bbox 101 1477 382 1529; x_wconf 81' lang='lat' dir='ltr'>docebimus,</span> <span class='ocrx_word' id='word_1_33' title='bbox 422 1476 529 1531; x_wconf 88' lang='lat' dir='ltr'>quia</span> <span class='ocrx_word' id='word_1_34' title='bbox 573 1476 699 1516; x_wconf 85' lang='lat' dir='ltr'>nullo</span> <span class='ocrx_word' id='word_1_35' title='bbox 739 1475 1011 1528; x_wconf 87' lang='lat' dir='ltr'>regebantur</span> <span class='ocrx_word' id='word_1_36' title='bbox 1042 1476 1235 1529; x_wconf 90' lang='lat' dir='ltr'>imperio</span> <span class='ocrx_word' id='word_1_37' title='bbox 1276 1462 1521 1530; x_wconf 70' lang='lat' dir='ltr'>(proprio),</span> <span class='ocrx_word' id='word_1_38' title='bbox 1569 1477 1645 1517; x_wconf 92' lang='lat' dir='ltr'>sed</span> <span class='ocrx_word' id='word_1_39' title='bbox 1689 1478 1745 1517; x_wconf 90' lang='lat' dir='ltr'>ad</span> 
     </span>
     <span class='ocr_line' id='line_1_7' title="bbox 101 1548 1791 1602; baseline -0.001 -13"><span class='ocrx_word' id='word_1_40' title='bbox 101 1560 250 1601; x_wconf 86' lang='lat' dir='ltr'>regem</span> <span class='ocrx_word' id='word_1_41' title='bbox 299 1549 482 1590; x_wconf 86' lang='lat' dir='ltr'>Suethie</span> <span class='ocrx_word' id='word_1_42' title='bbox 528 1549 787 1589; x_wconf 87' lang='lat' dir='ltr'>habuerunt</span> <span class='ocrx_word' id='word_1_43' title='bbox 834 1552 1105 1602; x_wconf 86' lang='lat' dir='ltr'>respectum.</span> <span class='ocrx_word' id='word_1_44' title='bbox 1183 1548 1288 1589; x_wconf 83' lang='lat' dir='ltr'>Fuit</span> <span class='ocrx_word' id='word_1_45' title='bbox 1328 1549 1448 1589; x_wconf 80' lang='lat' dir='ltr'>enini</span> <span class='ocrx_word' id='word_1_46' title='bbox 1489 1548 1536 1589; x_wconf 93' lang='lat' dir='ltr'>in</span> <span class='ocrx_word' id='word_1_47' title='bbox 1578 1550 1745 1602; x_wconf 85' lang='lat' dir='ltr'>Upsala</span> <span class='ocrx_word' id='word_1_48' title='bbox 1773 1557 1791 1587; x_wconf 80' lang='lat'>5</span> 
     </span>
     <span class='ocr_line' id='line_1_8' title="bbox 102 1621 1746 1675; baseline 0 -14"><span class='ocrx_word' id='word_1_49' title='bbox 102 1621 284 1662; x_wconf 88' lang='lat' dir='ltr'>ciuitate</span> <span class='ocrx_word' id='word_1_50' title='bbox 310 1621 493 1662; x_wconf 90' lang='lat' dir='ltr'>Suethie</span> <span class='ocrx_word' id='word_1_51' title='bbox 520 1635 597 1661; x_wconf 83' lang='lat' dir='ltr'>rex</span> <span class='ocrx_word' id='word_1_52' title='bbox 629 1621 832 1675; x_wconf 83' lang='lat' dir='ltr'>quidam,</span> <span class='ocrx_word' id='word_1_53' title='bbox 866 1622 1019 1674; x_wconf 90' lang='lat' dir='ltr'>Ypper</span> <span class='ocrx_word' id='word_1_54' title='bbox 1050 1621 1251 1673; x_wconf 87' lang='lat' dir='ltr'>nomine,</span> <span class='ocrx_word' id='word_1_55' title='bbox 1283 1625 1372 1661; x_wconf 86' lang='lat' dir='ltr'>tres</span> <span class='ocrx_word' id='word_1_56' title='bbox 1405 1621 1524 1662; x_wconf 90' lang='lat' dir='ltr'>filios</span> <span class='ocrx_word' id='word_1_57' title='bbox 1557 1621 1746 1673; x_wconf 87' lang='lat' dir='ltr'>habens,</span> 
     </span>
     <span class='ocr_line' id='line_1_9' title="bbox 103 1693 1745 1747; baseline 0 -13"><span class='ocrx_word' id='word_1_58' title='bbox 103 1707 300 1747; x_wconf 88' lang='lat' dir='ltr'>quorum</span> <span class='ocrx_word' id='word_1_59' title='bbox 333 1707 454 1734; x_wconf 92' lang='lat' dir='ltr'>unus</span> <span class='ocrx_word' id='word_1_60' title='bbox 479 1694 603 1744; x_wconf 83' lang='lat' dir='ltr'>Nori,</span> <span class='ocrx_word' id='word_1_61' title='bbox 636 1694 748 1734; x_wconf 88' lang='lat' dir='ltr'>alter</span> <span class='ocrx_word' id='word_1_62' title='bbox 778 1693 934 1744; x_wconf 72' lang='lat' dir='ltr'>Osten,</span> <span class='ocrx_word' id='word_1_63' title='bbox 966 1693 1133 1734; x_wconf 90' lang='lat' dir='ltr'>tercius</span> <span class='ocrx_word' id='word_1_64' title='bbox 1167 1694 1267 1734; x_wconf 90' lang='lat' dir='ltr'>Dan</span> <span class='ocrx_word' id='word_1_65' title='bbox 1301 1694 1548 1734; x_wconf 81' lang='lat' dir='ltr'>dicebatur.</span> <span class='ocrx_word' id='word_1_66' title='bbox 1598 1694 1745 1744; x_wconf 86' lang='lat' dir='ltr'>Quem</span> 
     </span>
     <span class='ocr_line' id='line_1_10' title="bbox 102 1766 1743 1819; baseline 0 -13"><span class='ocrx_word' id='word_1_67' title='bbox 102 1770 229 1819; x_wconf 89' lang='lat' dir='ltr'>pater</span> <span class='ocrx_word' id='word_1_68' title='bbox 261 1780 371 1807; x_wconf 91' lang='lat' dir='ltr'>suus</span> <span class='ocrx_word' id='word_1_69' title='bbox 404 1766 528 1806; x_wconf 88' lang='lat' dir='ltr'>misit</span> <span class='ocrx_word' id='word_1_70' title='bbox 559 1766 605 1806; x_wconf 90' lang='lat' dir='ltr'>in</span> <span class='ocrx_word' id='word_1_71' title='bbox 636 1767 719 1806; x_wconf 91' lang='lat' dir='ltr'>has</span> <span class='ocrx_word' id='word_1_72' title='bbox 751 1770 915 1819; x_wconf 84' lang='lat' dir='ltr'>partes,</span> <span class='ocrx_word' id='word_1_73' title='bbox 962 1779 1049 1819; x_wconf 90' lang='lat' dir='ltr'>que</span> <span class='ocrx_word' id='word_1_74' title='bbox 1088 1779 1212 1806; x_wconf 88' lang='lat' dir='ltr'>nunc</span> <span class='ocrx_word' id='word_1_75' title='bbox 1243 1766 1459 1807; x_wconf 89' lang='lat' dir='ltr'>dicuntur</span> <span class='ocrx_word' id='word_1_76' title='bbox 1491 1767 1647 1818; x_wconf 87' lang='lat' dir='ltr'>Dacia,</span> <span class='ocrx_word' id='word_1_77' title='bbox 1689 1768 1743 1806; x_wconf 91' lang='lat' dir='ltr'>ad</span> 
     </span>
     <span class='ocr_line' id='line_1_11' title="bbox 102 1838 1746 1890; baseline 0.001 -12"><span class='ocrx_word' id='word_1_78' title='bbox 102 1839 348 1890; x_wconf 86' lang='lat' dir='ltr'>regendum</span> <span class='ocrx_word' id='word_1_79' title='bbox 376 1838 551 1879; x_wconf 87' lang='lat' dir='ltr'>insulas</span> <span class='ocrx_word' id='word_1_80' title='bbox 581 1839 744 1890; x_wconf 67' lang='lat' dir='ltr'>‚11110r.,</span> <span class='ocrx_word' id='word_1_81' title='bbox 769 1838 940 1879; x_wconf 88' lang='lat' dir='ltr'>scilicet</span> <span class='ocrx_word' id='word_1_82' title='bbox 966 1838 1166 1890; x_wconf 84' lang='lat' dir='ltr'>Sialand,</span> <span class='ocrx_word' id='word_1_83' title='bbox 1194 1840 1316 1890; x_wconf 73' lang='lat' dir='ltr'>Mon,</span> <span class='ocrx_word' id='word_1_84' title='bbox 1344 1839 1530 1889; x_wconf 84' lang='lat' dir='ltr'>Falster‚</span> <span class='ocrx_word' id='word_1_85' title='bbox 1557 1839 1746 1890; x_wconf 85' lang='lat' dir='ltr'>Laland,</span> 
     </span>
    </p>
   </div>
   <div class='ocr_carea' id='block_1_3' title="bbox 774 1934 1735 1938">
    <p class='ocr_par' dir='ltr' id='par_1_3' title="bbox 774 1934 1735 1938">
     <span class='ocr_line' id='line_1_12' title="bbox 774 1934 1735 1938; baseline 0 0"><span class='ocrx_word' id='word_1_86' title='bbox 774 1934 1735 1938; x_wconf 95' lang='lat' dir='ltr'> </span> 
     </span>
    </p>
   </div>
   <div class='ocr_carea' id='block_1_4' title="bbox 945 1934 1735 1938">
    <p class='ocr_par' dir='ltr' id='par_1_4' title="bbox 945 1934 1735 1938">
     <span class='ocr_line' id='line_1_13' title="bbox 945 1934 1735 1938; baseline 0 0"><span class='ocrx_word' id='word_1_87' title='bbox 945 1934 1735 1938; x_wconf 95' lang='lat' dir='ltr'> </span> 
     </span>
    </p>
   </div>
   <div class='ocr_carea' id='block_1_5' title="bbox 104 1992 1745 2154">
    <p class='ocr_par' dir='ltr' id='par_1_5' title="bbox 104 1992 1745 2154">
     <span class='ocr_line' id='line_1_14' title="bbox 187 1992 1744 2041; baseline 0 -12"><span class='ocrx_word' id='word_1_88' title='bbox 187 1993 382 2030; x_wconf 70' lang='lat' dir='ltr'>Azcod.</span> <span class='ocrx_word' id='word_1_89' title='bbox 413 1995 807 2041; x_wconf 85' lang='lat' dir='ltr'>Arnaemagnaeanus</span> <span class='ocrx_word' id='word_1_90' title='bbox 840 1995 934 2038; x_wconf 80' lang='lat'>843,</span> <span class='ocrx_word' id='word_1_91' title='bbox 958 1992 1023 2030; x_wconf 69' lang='lat'><strong>4¹⁰.</strong></span> <span class='ocrx_word' id='word_1_92' title='bbox 1057 2016 1096 2019; x_wconf 85' lang='lat'>—-</span> <span class='ocrx_word' id='word_1_93' title='bbox 1133 1994 1367 2029; x_wconf 67' lang='lat' dir='ltr'>Ezcodex</span> <span class='ocrx_word' id='word_1_94' title='bbox 1400 1993 1679 2030; x_wconf 79' lang='lat' dir='ltr'>Erfordensis.</span> <span class='ocrx_word' id='word_1_95' title='bbox 1707 2015 1744 2018; x_wconf 82' lang='lat'>—</span> 
     </span>
     <span class='ocr_line' id='line_1_15' title="bbox 104 2049 1744 2098; baseline 0 -13"><span class='ocrx_word' id='word_1_96' title='bbox 104 2051 141 2085; x_wconf 87' lang='lat' dir='ltr'>M</span> <span class='ocrx_word' id='word_1_97' title='bbox 167 2066 210 2080; x_wconf 74' lang='lat' dir='ltr'><strong><em>z</em></strong></span> <span class='ocrx_word' id='word_1_98' title='bbox 232 2051 363 2087; x_wconf 86' lang='lat' dir='ltr'>codex</span> <span class='ocrx_word' id='word_1_99' title='bbox 404 2052 799 2098; x_wconf 84' lang='lat' dir='ltr'>Arnaemagnaeanus</span> <span class='ocrx_word' id='word_1_100' title='bbox 840 2052 933 2095; x_wconf 85' lang='lat'>841,</span> <span class='ocrx_word' id='word_1_101' title='bbox 966 2049 1030 2087; x_wconf 68' lang='lat'><strong>4‘0.</strong></span> <span class='ocrx_word' id='word_1_102' title='bbox 1075 2073 1114 2076; x_wconf 97' lang='lat'><strong>—</strong></span> <span class='ocrx_word' id='word_1_103' title='bbox 1157 2051 1191 2087; x_wconf 93' lang='lat' dir='ltr'>C</span> <span class='ocrx_word' id='word_1_104' title='bbox 1214 2066 1256 2082; x_wconf 69' lang='lat' dir='ltr'><em>z</em></span> <span class='ocrx_word' id='word_1_105' title='bbox 1280 2062 1512 2087; x_wconf 79' lang='lat' dir='ltr'>consensus</span> <span class='ocrx_word' id='word_1_106' title='bbox 1553 2051 1744 2087; x_wconf 87' lang='lat' dir='ltr'>codicum</span> 
     </span>
     <span class='ocr_line' id='line_1_16' title="bbox 105 2108 1745 2154; baseline 0 -11"><span class='ocrx_word' id='word_1_107' title='bbox 105 2108 190 2143; x_wconf 87' lang='lat' dir='ltr'>EM.</span> <span class='ocrx_word' id='word_1_108' title='bbox 241 2129 278 2132; x_wconf 80' lang='lat'><em>-</em></span> <span class='ocrx_word' id='word_1_109' title='bbox 327 2108 633 2154; x_wconf 74' lang='lat' dir='ltr'>vzantiquae</span> <span class='ocrx_word' id='word_1_110' title='bbox 674 2109 888 2145; x_wconf 84' lang='lat' dir='ltr'>versiones</span> <span class='ocrx_word' id='word_1_111' title='bbox 933 2109 1113 2152; x_wconf 79' lang='lat' dir='ltr'>Danicae‚</span> <span class='ocrx_word' id='word_1_112' title='bbox 1159 2119 1260 2154; x_wconf 82' lang='lat' dir='ltr'>quas</span> <span class='ocrx_word' id='word_1_113' title='bbox 1308 2108 1507 2144; x_wconf 84' lang='lat' dir='ltr'>interdum</span> <span class='ocrx_word' id='word_1_114' title='bbox 1548 2109 1745 2150; x_wconf 77' lang='lat' dir='ltr'>consului,</span> 
     </span>
    </p>
   </div>
   <div class='ocr_carea' id='block_1_6' title="bbox 102 2164 1748 2498">
    <p class='ocr_par' dir='ltr' id='par_1_6' title="bbox 102 2164 1748 2498">
     <span class='ocr_line' id='line_1_17' title="bbox 105 2164 1746 2213; baseline 0 -13"><span class='ocrx_word' id='word_1_115' title='bbox 105 2164 284 2200; x_wconf 75' lang='lat' dir='ltr'>maxime</span> <span class='ocrx_word' id='word_1_116' title='bbox 315 2165 362 2200; x_wconf 83' lang='lat' dir='ltr'>de</span> <span class='ocrx_word' id='word_1_117' title='bbox 390 2165 536 2211; x_wconf 83' lang='lat' dir='ltr'>formis</span> <span class='ocrx_word' id='word_1_118' title='bbox 568 2167 797 2209; x_wconf 82' lang='lat' dir='ltr'>nominum,</span> <span class='ocrx_word' id='word_1_119' title='bbox 832 2176 1083 2213; x_wconf 85' lang='lat' dir='ltr'>quamquam</span> <span class='ocrx_word' id='word_1_120' title='bbox 1116 2166 1236 2201; x_wconf 85' lang='lat' dir='ltr'>etiam</span> <span class='ocrx_word' id='word_1_121' title='bbox 1271 2165 1311 2200; x_wconf 89' lang='lat' dir='ltr'>in</span> <span class='ocrx_word' id='word_1_122' title='bbox 1344 2165 1421 2201; x_wconf 86' lang='lat' dir='ltr'>illis</span> <span class='ocrx_word' id='word_1_123' title='bbox 1447 2165 1561 2201; x_wconf 82' lang='lat' dir='ltr'>valde</span> <span class='ocrx_word' id='word_1_124' title='bbox 1585 2166 1746 2201; x_wconf 82' lang='lat' dir='ltr'>varian-</span> 
     </span>
     <span class='ocr_line' id='line_1_18' title="bbox 104 2220 1746 2269; baseline 0 -12"><span class='ocrx_word' id='word_1_125' title='bbox 104 2224 178 2258; x_wconf 88' lang='lat' dir='ltr'>tur.</span> <span class='ocrx_word' id='word_1_126' title='bbox 220 2243 259 2247; x_wconf 49' lang='grc' dir='ltr'><strong>ψ</strong></span> <span class='ocrx_word' id='word_1_127' title='bbox 300 2222 347 2257; x_wconf 87' lang='lat' dir='ltr'>In</span> <span class='ocrx_word' id='word_1_128' title='bbox 387 2224 678 2259; x_wconf 80' lang='lat' dir='ltr'>commentario</span> <span class='ocrx_word' id='word_1_129' title='bbox 717 2223 865 2269; x_wconf 80' lang='lat' dir='ltr'>critico,</span> <span class='ocrx_word' id='word_1_130' title='bbox 911 2234 963 2259; x_wconf 87' lang='lat' dir='ltr'>ne</span> <span class='ocrx_word' id='word_1_131' title='bbox 1003 2222 1136 2258; x_wconf 86' lang='lat' dir='ltr'>inutili</span> <span class='ocrx_word' id='word_1_132' title='bbox 1176 2233 1297 2258; x_wconf 85' lang='lat' dir='ltr'>onere</span> <span class='ocrx_word' id='word_1_133' title='bbox 1337 2220 1546 2264; x_wconf 86' lang='lat' dir='ltr'>laboraret,</span> <span class='ocrx_word' id='word_1_134' title='bbox 1592 2234 1746 2268; x_wconf 75' lang='lat' dir='ltr'>paucas</span> 
     </span>
     <span class='ocr_line' id='line_1_19' title="bbox 102 2279 1748 2326; baseline 0.001 -12"><span class='ocrx_word' id='word_1_135' title='bbox 102 2279 325 2325; x_wconf 83' lang='lat' dir='ltr'>scripturas</span> <span class='ocrx_word' id='word_1_136' title='bbox 349 2279 410 2316; x_wconf 85' lang='lat' dir='ltr'>vel</span> <span class='ocrx_word' id='word_1_137' title='bbox 427 2280 724 2326; x_wconf 82' lang='lat' dir='ltr'>scripturarum</span> <span class='ocrx_word' id='word_1_138' title='bbox 748 2280 1023 2325; x_wconf 81' lang='lat' dir='ltr'>correctiones,</span> <span class='ocrx_word' id='word_1_139' title='bbox 1056 2291 1157 2326; x_wconf 85' lang='lat' dir='ltr'>quas</span> <span class='ocrx_word' id='word_1_140' title='bbox 1182 2290 1353 2325; x_wconf 82' lang='lat' dir='ltr'>prorsus</span> <span class='ocrx_word' id='word_1_141' title='bbox 1375 2279 1529 2315; x_wconf 83' lang='lat' dir='ltr'>nullius</span> <span class='ocrx_word' id='word_1_142' title='bbox 1553 2280 1748 2315; x_wconf 79' lang='lat' dir='ltr'>momenti</span> 
     </span>
     <span class='ocr_line' id='line_1_20' title="bbox 103 2336 1744 2384; baseline 0 -13"><span class='ocrx_word' id='word_1_143' title='bbox 103 2346 184 2371; x_wconf 86' lang='lat' dir='ltr'>esse</span> <span class='ocrx_word' id='word_1_144' title='bbox 230 2336 333 2371; x_wconf 75' lang='lat' dir='ltr'>milti</span> <span class='ocrx_word' id='word_1_145' title='bbox 373 2347 615 2383; x_wconf 82' lang='lat' dir='ltr'>persuasum</span> <span class='ocrx_word' id='word_1_146' title='bbox 662 2340 766 2380; x_wconf 86' lang='lat' dir='ltr'>erat,</span> <span class='ocrx_word' id='word_1_147' title='bbox 824 2347 1075 2384; x_wconf 84' lang='lat' dir='ltr'>quamquam</span> <span class='ocrx_word' id='word_1_148' title='bbox 1122 2337 1336 2383; x_wconf 74' lang='lat' dir='ltr'>diliyenter</span> <span class='ocrx_word' id='word_1_149' title='bbox 1379 2338 1559 2372; x_wconf 78' lang='lat' dir='ltr'>enotatas</span> <span class='ocrx_word' id='word_1_150' title='bbox 1606 2336 1744 2380; x_wconf 76' lang='lat' dir='ltr'>liabeo,</span> 
     </span>
     <span class='ocr_line' id='line_1_21' title="bbox 102 2393 1745 2441; baseline 0 -13"><span class='ocrx_word' id='word_1_151' title='bbox 102 2394 283 2429; x_wconf 84' lang='lat' dir='ltr'>consulto</span> <span class='ocrx_word' id='word_1_152' title='bbox 315 2394 445 2430; x_wconf 88' lang='lat' dir='ltr'>omisi.</span> <span class='ocrx_word' id='word_1_153' title='bbox 506 2394 552 2429; x_wconf 87' lang='lat' dir='ltr'>In</span> <span class='ocrx_word' id='word_1_154' title='bbox 586 2394 880 2441; x_wconf 70' lang='lat' dir='ltr'>orthoqraphia</span> <span class='ocrx_word' id='word_1_155' title='bbox 914 2394 946 2429; x_wconf 81' lang='grc' dir='ltr'>Α</span> <span class='ocrx_word' id='word_1_156' title='bbox 977 2404 1133 2440; x_wconf 85' lang='lat' dir='ltr'>sequor,</span> <span class='ocrx_word' id='word_1_157' title='bbox 1170 2394 1205 2429; x_wconf 81' lang='lat' dir='ltr'>si</span> <span class='ocrx_word' id='word_1_158' title='bbox 1235 2393 1341 2429; x_wconf 81' lang='lat' dir='ltr'>nihil</span> <span class='ocrx_word' id='word_1_159' title='bbox 1372 2393 1485 2429; x_wconf 84' lang='lat' dir='ltr'>aliud</span> <span class='ocrx_word' id='word_1_160' title='bbox 1516 2394 1745 2429; x_wconf 79' lang='lat' dir='ltr'>adnotatur.</span> 
     </span>
     <span class='ocr_line' id='line_1_22' title="bbox 103 2449 1263 2498; baseline 0.002 -13"><span class='ocrx_word' id='word_1_161' title='bbox 103 2449 245 2487; x_wconf 87' lang='lat' dir='ltr'>Libelli</span> <span class='ocrx_word' id='word_1_162' title='bbox 277 2451 580 2498; x_wconf 77' lang='lat' dir='ltr'>inscripttonem</span> <span class='ocrx_word' id='word_1_163' title='bbox 613 2453 649 2486; x_wconf 87' lang='lat' dir='ltr'>et</span> <span class='ocrx_word' id='word_1_164' title='bbox 679 2452 857 2498; x_wconf 81' lang='lat' dir='ltr'>capitum</span> <span class='ocrx_word' id='word_1_165' title='bbox 891 2461 1082 2487; x_wconf 85' lang='lat' dir='ltr'>numeros</span> <span class='ocrx_word' id='word_1_166' title='bbox 1114 2451 1263 2487; x_wconf 79' lang='lat' dir='ltr'>addidi.</span> 
     </span>
    </p>
   </div>
   <div class='ocr_carea' id='block_1_7' title="bbox 104 2544 1748 2991">
    <p class='ocr_par' dir='ltr' id='par_1_7' title="bbox 104 2544 1748 2991">
     <span class='ocr_line' id='line_1_23' title="bbox 189 2544 1746 2592; baseline 0 -12"><span class='ocrx_word' id='word_1_167' title='bbox 189 2544 293 2590; x_wconf 87' lang='lat' dir='ltr'>Cap.</span> <span class='ocrx_word' id='word_1_168' title='bbox 328 2546 358 2580; x_wconf 90' lang='lat'>1.</span> <span class='ocrx_word' id='word_1_169' title='bbox 423 2547 455 2582; x_wconf 87' lang='lat'>1.</span> <span class='ocrx_word' id='word_1_170' title='bbox 489 2546 629 2582; x_wconf 91' lang='lat' dir='ltr'>Primo</span> <span class='ocrx_word' id='word_1_171' title='bbox 669 2549 870 2592; x_wconf 79' lang='lat' dir='ltr'>ternpore,</span> <span class='ocrx_word' id='word_1_172' title='bbox 915 2546 936 2581; x_wconf 90' lang='lat' dir='ltr'>i.</span> <span class='ocrx_word' id='word_1_173' title='bbox 969 2556 997 2581; x_wconf 87' lang='lat' dir='ltr'>e.</span> <span class='ocrx_word' id='word_1_174' title='bbox 1038 2546 1176 2581; x_wconf 87' lang='lat' dir='ltr'>Prima</span> <span class='ocrx_word' id='word_1_175' title='bbox 1215 2546 1325 2591; x_wconf 66' lang='lat' dir='ltr'>vice,</span> <span class='ocrx_word' id='word_1_176' title='bbox 1371 2547 1412 2582; x_wconf 92' lang='lat' dir='ltr'>in</span> <span class='ocrx_word' id='word_1_177' title='bbox 1452 2549 1558 2582; x_wconf 83' lang='lat' dir='ltr'>etate</span> <span class='ocrx_word' id='word_1_178' title='bbox 1601 2546 1746 2585; x_wconf 80' lang='lat' dir='ltr'>Dauid,</span> 
     </span>
     <span class='ocr_line' id='line_1_24' title="bbox 105 2601 1747 2649; baseline 0 -12"><span class='ocrx_word' id='word_1_179' title='bbox 105 2601 128 2638; x_wconf 89' lang='lat' dir='ltr'>i.</span> <span class='ocrx_word' id='word_1_180' title='bbox 162 2612 190 2637; x_wconf 89' lang='lat' dir='ltr'>e.</span> <span class='ocrx_word' id='word_1_181' title='bbox 223 2605 318 2638; x_wconf 85' lang='lat' dir='ltr'>ante</span> <span class='ocrx_word' id='word_1_182' title='bbox 350 2603 480 2639; x_wconf 86' lang='lat' dir='ltr'>multa</span> <span class='ocrx_word' id='word_1_183' title='bbox 512 2604 677 2639; x_wconf 83' lang='lat' dir='ltr'>saecula.</span> <span class='ocrx_word' id='word_1_184' title='bbox 740 2603 951 2638; x_wconf 88' lang='lat' dir='ltr'>invidente</span> <span class='ocrx_word' id='word_1_185' title='bbox 984 2603 1028 2638; x_wconf 92' lang='lat' dir='ltr'>C.</span> <span class='ocrx_word' id='word_1_186' title='bbox 1091 2603 1125 2638; x_wconf 92' lang='lat'>2.</span> <span class='ocrx_word' id='word_1_187' title='bbox 1159 2603 1303 2638; x_wconf 89' lang='lat' dir='ltr'>Fionia</span> <span class='ocrx_word' id='word_1_188' title='bbox 1337 2604 1374 2638; x_wconf 88' lang='grc' dir='ltr'><strong>Μ</strong></span> <span class='ocrx_word' id='word_1_189' title='bbox 1458 2603 1680 2649; x_wconf 75' lang='lat' dir='ltr'>Syalandia</span> <span class='ocrx_word' id='word_1_190' title='bbox 1714 2603 1747 2638; x_wconf 92' lang='lat' dir='ltr'>C</span> 
     </span>
     <span class='ocr_line' id='line_1_25' title="bbox 106 2659 1748 2706; baseline 0.001 -13"><span class='ocrx_word' id='word_1_191' title='bbox 106 2660 155 2703; x_wconf 80' lang='lat' dir='ltr'>(et</span> <span class='ocrx_word' id='word_1_192' title='bbox 184 2659 241 2694; x_wconf 83' lang='lat' dir='ltr'>sic</span> <span class='ocrx_word' id='word_1_193' title='bbox 272 2659 312 2695; x_wconf 88' lang='lat' dir='ltr'>in</span> <span class='ocrx_word' id='word_1_194' title='bbox 346 2660 601 2706; x_wconf 78' lang='lat' dir='ltr'>sequentibus</span> <span class='ocrx_word' id='word_1_195' title='bbox 630 2660 714 2706; x_wconf 85' lang='lat' dir='ltr'>fere</span> <span class='ocrx_word' id='word_1_196' title='bbox 743 2671 922 2706; x_wconf 81' lang='lat' dir='ltr'>semper,·</span> <span class='ocrx_word' id='word_1_197' title='bbox 965 2659 1006 2695; x_wconf 89' lang='lat' dir='ltr'>in</span> <span class='ocrx_word' id='word_1_198' title='bbox 1039 2662 1144 2695; x_wconf 71' lang='lat' dir='ltr'>textu</span> <span class='ocrx_word' id='word_1_199' title='bbox 1177 2660 1209 2695; x_wconf 85' lang='grc' dir='ltr'>Α</span> <span class='ocrx_word' id='word_1_200' title='bbox 1240 2671 1396 2706; x_wconf 85' lang='lat' dir='ltr'>sequor,</span> <span class='ocrx_word' id='word_1_201' title='bbox 1429 2661 1547 2696; x_wconf 82' lang='lat' dir='ltr'>etiam</span> <span class='ocrx_word' id='word_1_202' title='bbox 1583 2661 1622 2695; x_wconf 86' lang='lat' dir='ltr'>in</span> <span class='ocrx_word' id='word_1_203' title='bbox 1657 2659 1748 2695; x_wconf 79' lang='lat' dir='ltr'>aliis</span> 
     </span>
     <span class='ocr_line' id='line_1_26' title="bbox 104 2715 1747 2762; baseline 0.001 -12"><span class='ocrx_word' id='word_1_204' title='bbox 104 2715 302 2751; x_wconf 85' lang='lat' dir='ltr'>eiusmodi</span> <span class='ocrx_word' id='word_1_205' title='bbox 337 2717 552 2753; x_wconf 84' lang='lat' dir='ltr'>nominum</span> <span class='ocrx_word' id='word_1_206' title='bbox 596 2716 754 2762; x_wconf 87' lang='lat' dir='ltr'>formis,</span> <span class='ocrx_word' id='word_1_207' title='bbox 806 2719 849 2752; x_wconf 87' lang='lat' dir='ltr'>ut</span> <span class='ocrx_word' id='word_1_208' title='bbox 883 2717 1018 2752; x_wconf 82' lang='lat' dir='ltr'>statim</span> <span class='ocrx_word' id='word_1_209' title='bbox 1060 2717 1100 2752; x_wconf 87' lang='lat' dir='ltr'>in</span> <span class='ocrx_word' id='word_1_210' title='bbox 1133 2717 1328 2760; x_wconf 82' lang='lat' dir='ltr'>Suethia).</span> <span class='ocrx_word' id='word_1_211' title='bbox 1419 2718 1527 2753; x_wconf 59' lang='lat'>2-3.</span> <span class='ocrx_word' id='word_1_212' title='bbox 1562 2717 1747 2752; x_wconf 81' lang='lat' dir='ltr'>Falstria.</span> 
     </span>
     <span class='ocr_line' id='line_1_27' title="bbox 106 2772 1748 2821; baseline 0.001 -14"><span class='ocrx_word' id='word_1_213' title='bbox 106 2772 304 2808; x_wconf 86' lang='lat' dir='ltr'>Lalandia</span> <span class='ocrx_word' id='word_1_214' title='bbox 331 2774 375 2810; x_wconf 92' lang='lat' dir='ltr'>C.</span> <span class='ocrx_word' id='word_1_215' title='bbox 438 2776 472 2810; x_wconf 76' lang='lat'>4.</span> <span class='ocrx_word' id='word_1_216' title='bbox 508 2775 729 2821; x_wconf 84' lang='lat' dir='ltr'>regebatur</span> <span class='ocrx_word' id='word_1_217' title='bbox 754 2774 788 2810; x_wconf 95' lang='lat' dir='ltr'>C</span> <span class='ocrx_word' id='word_1_218' title='bbox 863 2774 1036 2820; x_wconf 83' lang='lat' dir='ltr'>proprio</span> <span class='ocrx_word' id='word_1_219' title='bbox 1069 2774 1210 2810; x_wconf 81' lang='lat' dir='ltr'>addidi</span> <span class='ocrx_word' id='word_1_220' title='bbox 1241 2774 1363 2821; x_wconf 85' lang='lat' dir='ltr'>(regis</span> <span class='ocrx_word' id='word_1_221' title='bbox 1394 2774 1484 2819; x_wconf 82' lang='lat' dir='ltr'>fort.</span> <span class='ocrx_word' id='word_1_222' title='bbox 1515 2776 1607 2809; x_wconf 82' lang='lat' dir='ltr'>ante</span> <span class='ocrx_word' id='word_1_223' title='bbox 1639 2782 1748 2818; x_wconf 76' lang='lat' dir='ltr'>rege-</span> 
     </span>
     <span class='ocr_line' id='line_1_28' title="bbox 106 2829 1748 2876; baseline 0.001 -12"><span class='ocrx_word' id='word_1_224' title='bbox 106 2829 259 2865; x_wconf 87' lang='lat' dir='ltr'>bantur</span> <span class='ocrx_word' id='word_1_225' title='bbox 291 2831 363 2876; x_wconf 81' lang='lat' dir='ltr'>Ie9.</span> <span class='ocrx_word' id='word_1_226' title='bbox 390 2832 447 2875; x_wconf 89' lang='lat' dir='ltr'>V).</span> <span class='ocrx_word' id='word_1_227' title='bbox 509 2832 543 2868; x_wconf 89' lang='lat'>5.</span> <span class='ocrx_word' id='word_1_228' title='bbox 577 2832 732 2867; x_wconf 88' lang='lat' dir='ltr'>Swecie</span> <span class='ocrx_word' id='word_1_229' title='bbox 760 2832 797 2866; x_wconf 94' lang='lat' dir='ltr'>M</span> <span class='ocrx_word' id='word_1_230' title='bbox 831 2841 1007 2876; x_wconf 80' lang='lat' dir='ltr'>semper;</span> <span class='ocrx_word' id='word_1_231' title='bbox 1040 2831 1185 2867; x_wconf 88' lang='lat' dir='ltr'>Suecie</span> <span class='ocrx_word' id='word_1_232' title='bbox 1215 2832 1290 2874; x_wconf 83' lang='lat' dir='ltr'>(vel</span> <span class='ocrx_word' id='word_1_233' title='bbox 1322 2831 1524 2867; x_wconf 84' lang='lat' dir='ltr'>interdum</span> <span class='ocrx_word' id='word_1_234' title='bbox 1559 2831 1748 2866; x_wconf 82' lang='lat' dir='ltr'>Swethie.</span> 
     </span>
     <span class='ocr_line' id='line_1_29' title="bbox 107 2886 1746 2933; baseline 0.001 -12"><span class='ocrx_word' id='word_1_235' title='bbox 107 2886 307 2932; x_wconf 84' lang='lat' dir='ltr'>Sweehie)</span> <span class='ocrx_word' id='word_1_236' title='bbox 327 2888 368 2924; x_wconf 89' lang='lat' dir='ltr'>E.</span> <span class='ocrx_word' id='word_1_237' title='bbox 410 2889 520 2924; x_wconf 84' lang='lat'>5-6.</span> <span class='ocrx_word' id='word_1_238' title='bbox 543 2888 666 2924; x_wconf 84' lang='lat' dir='ltr'>Verba</span> <span class='ocrx_word' id='word_1_239' title='bbox 684 2890 769 2924; x_wconf 81' lang='lat' dir='ltr'>octo</span> <span class='ocrx_word' id='word_1_240' title='bbox 786 2888 1026 2923; x_wconf 83' lang='lat' dir='ltr'>habuerunt</span> <span class='ocrx_word' id='word_1_241' title='bbox 1045 2917 1050 2922; x_wconf 94' lang='lat'>.</span> <span class='ocrx_word' id='word_1_242' title='bbox 1068 2918 1074 2923; x_wconf 91' lang='lat'><strong>.</strong></span> <span class='ocrx_word' id='word_1_243' title='bbox 1093 2888 1249 2923; x_wconf 89' lang='lat' dir='ltr'>Swecie</span> <span class='ocrx_word' id='word_1_244' title='bbox 1267 2899 1344 2923; x_wconf 94' lang='lat' dir='ltr'>om.</span> <span class='ocrx_word' id='word_1_245' title='bbox 1364 2889 1414 2924; x_wconf 90' lang='lat' dir='ltr'>M.</span> <span class='ocrx_word' id='word_1_246' title='bbox 1463 2889 1498 2926; x_wconf 88' lang='grc'>5,</span> <span class='ocrx_word' id='word_1_247' title='bbox 1519 2888 1684 2933; x_wconf 76' lang='lat' dir='ltr'>Wpsala</span> <span class='ocrx_word' id='word_1_248' title='bbox 1707 2888 1746 2922; x_wconf 88' lang='lat' dir='ltr'>E.</span> 
     </span>
     <span class='ocr_line' id='line_1_30' title="bbox 108 2943 1747 2991; baseline 0.002 -13"><span class='ocrx_word' id='word_1_249' title='bbox 108 2943 142 2978; x_wconf 88' lang='lat'>8.</span> <span class='ocrx_word' id='word_1_250' title='bbox 175 2944 253 2979; x_wconf 85' lang='lat' dir='ltr'>hac</span> <span class='ocrx_word' id='word_1_251' title='bbox 287 2945 323 2979; x_wconf 97' lang='lat' dir='ltr'>M</span> <span class='ocrx_word' id='word_1_252' title='bbox 415 2945 569 2981; x_wconf 82' lang='lat' dir='ltr'>dicitur</span> <span class='ocrx_word' id='word_1_253' title='bbox 608 2945 733 2981; x_wconf 90' lang='lat' dir='ltr'>Dacia</span> <span class='ocrx_word' id='word_1_254' title='bbox 767 2946 827 2989; x_wconf 87' lang='lat' dir='ltr'>M;</span> <span class='ocrx_word' id='word_1_255' title='bbox 875 2945 1000 2980; x_wconf 87' lang='lat' dir='ltr'>Dacia</span> <span class='ocrx_word' id='word_1_256' title='bbox 1041 2945 1194 2980; x_wconf 80' lang='lat' dir='ltr'>dicitur</span> <span class='ocrx_word' id='word_1_257' title='bbox 1236 2946 1277 2980; x_wconf 87' lang='lat' dir='ltr'>E.</span> <span class='ocrx_word' id='word_1_258' title='bbox 1368 2946 1402 2981; x_wconf 84' lang='lat'>9.</span> <span class='ocrx_word' id='word_1_259' title='bbox 1436 2945 1660 2991; x_wconf 84' lang='lat' dir='ltr'>regendum</span> <span class='ocrx_word' id='word_1_260' title='bbox 1696 2944 1747 2982; x_wconf 80' lang='lat' dir='ltr'>C:</span> 
     </span>
    </p>
   </div>
   <div class='ocr_carea' id='block_1_8' title="bbox 106 3001 1748 3094">
    <p class='ocr_par' dir='ltr' id='par_1_8' title="bbox 106 3001 1748 3094">
     <span class='ocr_line' id='line_1_31' title="bbox 106 3001 1748 3091; baseline 0 -56"><span class='ocrx_word' id='word_1_261' title='bbox 106 3001 308 3091; x_wconf 48' lang='lat' dir='ltr'>{legendas</span> <span class='ocrx_word' id='word_1_262' title='bbox 340 3001 372 3037; x_wconf 84' lang='grc' dir='ltr'>Α</span> <span class='ocrx_word' id='word_1_263' title='bbox 459 3002 665 3038; x_wconf 87' lang='lat' dir='ltr'>Sielandia</span> <span class='ocrx_word' id='word_1_264' title='bbox 699 3003 729 3037; x_wconf 86' lang='grc' dir='ltr'>Α</span> <span class='ocrx_word' id='word_1_265' title='bbox 813 3002 983 3038; x_wconf 82' lang='lat' dir='ltr'>Falstar.</span> <span class='ocrx_word' id='word_1_266' title='bbox 1032 3002 1189 3037; x_wconf 89' lang='lat' dir='ltr'>Laland</span> <span class='ocrx_word' id='word_1_267' title='bbox 1226 3003 1273 3041; x_wconf 73' lang='lat' dir='ltr'>E:</span> <span class='ocrx_word' id='word_1_268' title='bbox 1321 3002 1493 3038; x_wconf 84' lang='lat' dir='ltr'>Falstria</span> <span class='ocrx_word' id='word_1_269' title='bbox 1534 3005 1572 3037; x_wconf 86' lang='lat' dir='ltr'>et</span> <span class='ocrx_word' id='word_1_270' title='bbox 1605 3001 1748 3036; x_wconf 80' lang='lat' dir='ltr'>Lalan-</span> 
     </span>
     <span class='ocr_line' id='line_1_32' title="bbox 137 3057 249 3094; baseline 0.018 -2"><span class='ocrx_word' id='word_1_271' title='bbox 137 3057 174 3092; x_wconf 90' lang='lat' dir='ltr'>ia</span> <span class='ocrx_word' id='word_1_272' title='bbox 207 3058 249 3094; x_wconf 86' lang='grc' dir='ltr'>Α.</span> 
     </span>
    </p>
   </div>
  </div>
 </body>
</html>
