2150 3584
362 654 380 684 5

342 1016 382 1047 10

342 1741 384 1771 20

406 235 487 275 302
741 244 1015 273 semprones
1048 243 1275 272 HlsTomAE
1308 243 1484 272 DANICAE
1516 243 1716 273 M1Nonsss

407 358 657 398 maximam
685 358 865 398 clauam
890 356 1258 407 transformauit3
1291 369 1396 397 cum
1423 370 1509 411 qua
1532 356 1781 398 Siwaldum
1807 370 1861 398 ac
1886 362 2057 411 septem

409 430 525 471 filios
580 430 676 470 eius
731 429 997 482 aggrediens
1052 442 1129 470 eos
1184 429 1411 470 contriuit.
1504 429 1570 469 Eo
1617 433 1823 483 tempore
1869 420 2060 484 quidam

410 502 724 552 Harthbenus‚
785 502 843 542 ab
892 501 1125 554 Helsingia
1172 501 1381 554 veniens,
1438 512 1597 554 regum
1646 501 1764 542 filias
1810 502 1961 555 rapuit
2007 515 2060 543 ac

408 579 566 628 stupro
599 573 785 626 fedauit,
818 573 1049 627 perimens
1082 586 1256 623 omnes,
1290 574 1367 627 qui
1398 587 1502 615 eum
1528 573 1792 614 nitebantur
1815 574 2060 627 impedire,

410 647 608 688 habebat
640 651 792 687 autem
829 659 896 687 ,x1.
931 646 1110 687 cubitos
1142 646 1186 686 in
1222 645 1506 698 longitudine
1538 658 1592 686 ac
1625 659 1710 687 ‚xlr
1745 646 1919 699 pugiles
1957 659 2062 688 con-

406 719 531 759 tinue
565 732 744 768 secum,
777 731 802 758 3
835 718 1003 772 quibus
1032 718 1272 759 Haldanus
1301 721 1580 771 prouocatus
1613 720 1670 759 ad
1704 723 1932 760 certamen
1967 732 2060 760 non

408 791 557 832 solum
591 791 766 843 annuit,
814 791 890 831 sed
936 790 1080 831 eciam
1123 803 1170 831 se
1215 790 1440 831 victurum
1481 791 1687 844 predixit.
1751 792 1853 842 Qua
1886 791 2060 832 animo-

409 863 537 904 sitate
578 866 856 916 prouocatus
892 863 1188 904 Harthbenus
1227 863 1273 903 in
1310 866 1491 903 tantum
1523 862 1756 915 insaniuit,
1803 867 1849 905 vt
1890 877 1967 905 sex
2007 865 2062 905 de

409 935 504 976 suis
530 935 763 989 pugilibus
788 935 1079 984 interficeret;
1111 939 1282 989 postea,
1316 948 1422 976 cum
1448 939 1678 976 certamen
1704 935 1862 977 inisset
1886 936 2062 977 habens

409 1020 564 1049 secum
599 1021 669 1048 .vl.
702 1008 904 1061 reliquos
937 1007 1127 1061 pugiles,
1174 1008 1232 1048 ab
1266 1008 1478 1048 Haldano
1519 1020 1625 1048 cum
1659 1008 1862 1050 maximo
1896 1009 2062 1050 malleo

410 1084 476 1121 est
521 1080 755 1121 contritus.
835 1080 996 1120 Postea
1044 1080 1295 1133 Egtherum
1344 1079 1637 1132 Finnensem,
1686 1080 1908 1122 Sweciam
1954 1080 2064 1121 infe-

410 1156 619 1205 stantem,
652 1152 698 1192 in
733 1153 936 1193 duellum
971 1156 1274 1205 prouocatum
1309 1152 1487 1193 occidit.

495 1226 567 1266 VI.
631 1225 808 1266 Accidit
848 1228 1019 1278 postea,
1066 1228 1113 1266 vt
1144 1225 1379 1277 Thorilda,
1426 1224 1519 1265 filia
1554 1225 1744 1266 Hatheri
1777 1225 1920 1278 reguli
1953 1225 2063 1266 Nor-

409 1298 563 1351 wegie,
596 1311 621 1338 a
647 1297 915 1339 Grimmone
940 1297 1191 1338 fortissimo
1218 1297 1370 1351 pugile
1403 1297 1488 1338 sub
1521 1297 1660 1338 duelli
1693 1297 2062 1339 comminacione

411 1374 648 1424 peteretur,
682 1383 734 1411 ac
760 1383 785 1410 3
810 1374 937 1423 patre
966 1370 1114 1423 puelle
1141 1369 1340 1410 edictum
1366 1373 1496 1419 esset,
1527 1373 1575 1410 vt
1598 1370 1673 1410 ille
1698 1383 1799 1410 eam
1824 1370 2062 1424 optineret,

410 1442 489 1496 qui
530 1443 731 1495 pugilem
774 1446 1019 1496 superaret.
1083 1442 1219 1492 Quod
1251 1442 1445 1483 audiens
1479 1443 1732 1495 Haldanus,
1778 1442 1882 1484 licet
1921 1455 2062 1496 vsque

410 1516 467 1556 ad
501 1519 779 1556 senectutem
812 1515 905 1555 iam
939 1519 1091 1556 castus
1123 1515 1296 1567 vixerit,
1333 1519 1486 1555 tamen
1519 1514 1564 1555 in
1600 1514 1886 1567 Norwegiam
1919 1518 2062 1555 trans-

410 1588 515 1639 iuit3
563 1587 839 1642 faciemque,
887 1601 942 1628 ne
985 1592 1326 1640 agnosceretur,
1373 1591 1688 1628 transmutans
1735 1587 1906 1628 bellum
1956 1600 2062 1628 cum

411 1660 562 1714 pugile
602 1660 789 1701 intrauit
827 1673 880 1701 ac
917 1661 1067 1714 primo
1109 1660 1201 1701 ictu
1234 1660 1471 1701 inferiores
1504 1664 1654 1713 partes
1687 1660 1819 1714 clipei
1853 1663 1893 1701 et
1925 1659 2063 1700 lorice

411 1733 508 1774 eius
540 1733 810 1786 absumpsit.
874 1734 1023 1784 Quem
1063 1733 1205 1774 ictum
1245 1733 1481 1774 admirans
1515 1733 1740 1774 Grimmo:
1793 1732 2057 1773 »Vetulum«

412 1806 560 1860 inquit
611 1806 786 1847 »acrius
834 1805 1129 1847 dimicantem
1177 1819 1271 1847 non
1319 1805 1559 1856 memini«,
1614 1805 1858 1859 statimque
1906 1817 2061 1845 ensem

412 1892 598 1920 exerens
639 1879 836 1932 clipeum
882 1878 1081 1919 Haldani
1123 1878 1290 1919 diuisit.
1357 1878 1497 1919 Cuius
1545 1878 1777 1918 dexteram
1822 1877 2063 1917 Haldanus

412 1952 563 1992 statim
605 1951 856 2002 truncanit,
904 1952 980 1992 sed
1020 1951 1094 1991 ille
1137 1954 1321 1992 econtra
1361 1963 1516 1991 ensem
1557 1950 1658 1990 leua
1698 1949 1882 2003 rapiens
1913 1949 2063 1990 femur

413 2024 611 2064 Haldani
643 2024 914 2064 vulnerauit.
963 2023 1117 2064 Victor
1150 2023 1391 2063 Haldanus
1421 2023 1541 2064 victo
1574 2022 1812 2074 concessit,
1843 2025 1890 2062 vt
1922 2021 2062 2062 vitam

367 2103 381 2113 ⁷
413 2096 605 2150 pecunia
653 2096 917 2146 redimeret3
979 2109 1087 2136 nam
1143 2108 1308 2136 manco
1363 2095 1503 2136 vitam
1551 2095 1728 2136 auferre
1774 2093 2061 2147 contempsit.

412 2169 652 2222 Accipiens
692 2173 844 2209 autem
888 2182 970 2222 pro
1011 2168 1187 2222 premio
1221 2168 1492 2209 Thorildam
1525 2181 1712 2209 onrem
1746 2181 1799 2208 ex
1831 2180 1881 2207 ea
1914 2166 2062 2207 filium

412 2242 705 2282 Asmundum
745 2241 998 2294 generauit3
1046 2254 1070 2280 a
1116 2253 1206 2294 quo
1251 2226 1338 2295 <3ε>
1384 2251 1511 2292 reges
1558 2239 1794 2292 Norwegie
1841 2236 2065 2290 origineni'

503 2402 534 2436 1.
567 2401 851 2436 conforxnauit
883 2401 922 2437 S.
1009 2400 1173 2448 siwaldo
1207 2400 1285 2436 VS.
1363 2403 1401 2435 et
1433 2402 1592 2445 septem
1625 2398 1665 2435 S.
1730 2398 1765 2433 3.
1800 2397 1989 2443 helsinga
2020 2396 2063 2432 A.

414 2460 447 2494 4.
489 2458 668 2504 puniens
708 2459 760 2503 A;
807 2469 1003 2504 premens
1044 2458 1082 2494 S.
1174 2459 1208 2493 5.
1257 2467 1407 2493 nouem
1457 2456 1549 2492 cub.
1595 2455 1703 2492 Saxo
1747 2454 1810 2504 (In
1856 2465 1986 2500 marg).
2036 2453 2063 2489 S

414 2515 611 2551 recentior
656 2527 823 2551 manus:
885 2513 990 2563 aha).
1097 2515 1131 2551 8.
1188 2517 1445 2561 prouocatus
1498 2512 1606 2561 (ante
1654 2509 1845 2560 Harthb.)
1899 2522 1976 2547 om.
2024 2510 2064 2546 S.

414 2573 599 2608 Insanuit
623 2573 666 2608 A.
730 2574 765 2608 9.
798 2572 923 2619 pugil.
956 2574 1043 2608 suis
1068 2572 1118 2618 A;
1151 2571 1238 2608 suis
1270 2582 1349 2607 om.
1377 2571 1417 2607 S.
1494 2569 1703 2606 interfecit
1733 2569 1810 2606 AS.
1888 2569 1986 2604 dum
2019 2569 2063 2604 A.

416 2631 568 2666 inesset
615 2630 654 2666 S.
749 2631 810 2666 10.
859 2640 896 2665 v1
943 2641 1021 2666 om.
1071 2629 1146 2666 AS.
1240 2629 1301 2664 11.
1349 2628 1597 2675 hegtherum
1646 2627 1684 2663 S.
1779 2626 1940 2662 fuinese
1982 2625 2063 2661 DV.

420 2688 478 2723 13.
513 2688 619 2733 regis
653 2687 727 2723 AS.
824 2688 882 2723 14.
917 2688 1163 2733 germinone
1195 2686 1271 2730 AS,
1313 2685 1404 2721 item
1439 2684 1618 2731 inferius.
1706 2684 1766 2720 17.
1799 2683 1957 2719 vixerat
1988 2681 2064 2725 AS,

414 2745 504 2790 [orl.
531 2745 686 2780 rectius.
756 2745 812 2779 19.
842 2755 889 2780 ac
914 2744 1078 2790 aprimo
1100 2742 1257 2788 S(A1‘!).
1320 2743 1383 2778 20.
1409 2741 1638 2788 assumpsit
1656 2742 1708 2785 ὓς
1740 2739 2005 2786 consumpsit
2022 2739 2061 2776 S.

416 2802 598 2837 amirans
631 2802 707 2845 AS,
754 2803 789 2837 et
825 2802 881 2837 sic
919 2801 1078 2847 scepins.
1172 2801 1235 2836 21.
1275 2797 1505 2847 alicuius(!)
1534 2799 1567 2834 A
1604 2797 1713 2846 (fort.
1748 2808 1826 2844 pro
1858 2794 2063 2844 alacrius).

418 2858 540 2895 moini
560 2860 647 2903 DV,
682 2859 823 2894 inueni
845 2858 918 2894 AS.
992 2869 1090 2894 ense
1108 2858 1150 2894 A.
1213 2858 1276 2893 22.
1302 2867 1497 2893 exserens
1516 2856 1590 2892 AS.
1654 2854 1820 2891 22-23.
1846 2854 2063 2890 Haldanus

416 2916 552 2951 statim
592 2916 806 2951 Haldanus
841 2917 885 2960 D,
917 2915 985 2950 secl
1014 2915 1129 2961 prius
1164 2915 1282 2950 Hald.
1314 2916 1450 2960 postea
1483 2913 1672 2957 delelfflm
1704 2912 1843 2948 statim
1878 2910 1995 2947 Hald.
2024 2910 2062 2946 S.

418 2974 480 3009 23.
514 2974 750 3019 amputauit
782 2973 858 3008 AS.
936 2975 1080 3007 contra
1115 2972 1158 3007 V.
1237 2972 1328 3007 leua
1364 2981 1488 3006 manu
1523 2970 1599 3006 AS.
1676 2970 1738 3005 26.
1771 2968 1983 3005 thorillam
2019 2968 2063 3003 D.

419 3031 481 3065 27.
515 3040 558 3065 se
590 3030 730 3065 addidi
762 3040 810 3065 ex
842 3029 1010 3065 Saaeone.
