2150 3584
542 210 835 239 COMPENDIVM
870 211 1067 240 SAXONJS.
1118 212 1199 239 ma.
1236 212 1291 239 vn
1656 202 1738 240 313

92 326 147 367 de
178 338 333 366 sorore
367 323 555 365 Haraldi
590 328 898 376 procreatum;
943 338 1077 378 quem
1117 326 1343 366 Haraldus
1378 331 1565 379 paterno
1600 339 1736 378 regno

91 397 207 438 datis
255 397 293 438 ei
335 396 562 437 tutoribus
604 397 800 449 prefecit.
866 397 1021 450 Itaque
1064 398 1313 449 prouinciis
1360 412 1413 438 ac
1453 399 1735 452 principibus

92 469 357 523 perdomitis
391 481 441 509 J..
475 482 622 509 annos
655 468 699 508 in
727 469 827 509 ocio
854 469 1063 522 expleuit.
1115 470 1178 509 Ne
1211 474 1361 510 autem
1398 471 1440 511 in
1471 476 1592 511 tanta
1626 486 1734 524 pace

91 541 255 582 milites
280 541 463 594 ignauia
483 545 809 594 premerentur,
836 541 967 581 iussit
991 555 1068 582 eos
1093 543 1220 582 omni
1239 542 1555 584 dimicacionis
1574 556 1733 595 genere

89 613 305 663 exerceri;
352 626 549 666 quorum
597 613 737 667 aliqui
785 613 900 654 adeo
933 614 977 654 in
1026 614 1290 655 dimicando
1332 616 1460 667 periti
1501 621 1641 665 erant,
1691 622 1764 657 vt·

89 686 384 727 infallibiliter
407 685 700 738 supercilium
736 686 984 739 aduersarij
1014 687 1164 737 gladio
1197 688 1425 728 auferrent
1452 689 1548 729 sine
1574 690 1732 730 frontis

89 758 269 800 lesione.
327 759 460 809 Quod
496 758 530 798 si
564 757 667 812 quis
699 772 857 799 eorum
892 760 1027 799 talem
1062 759 1200 799 ictum
1236 760 1459 813 recipiens
1493 762 1732 814 palpebras

89 834 304 882 moueret,
358 831 413 871 de
459 831 563 871 aula
611 831 859 872 eiciebatur
907 831 1181 872 militaribus
1229 832 1465 885 stipendiis
1514 834 1730 886 priuatus,

87 902 216 943 Talia
248 903 467 944 exercicia
499 907 609 943 tunc
641 903 886 955 habebant,
921 918 975 945 ne
1008 904 1190 957 ignauia
1223 909 1464 958 torperent.

171 976 284 1016 XVI.
349 975 547 1028 Contigit
577 989 630 1017 eo
662 979 880 1029 tempore,
914 981 958 1017 vt
984 978 1086 1029 Olo,
1120 977 1241 1018 filius
1275 977 1479 1029 Siwardi‚
1514 983 1646 1020 natus
1679 994 1731 1020 ex

86 1061 239 1089 sorore
274 1048 474 1100 Haraldi,
510 1048 682 1089 veniret
713 1049 768 1089 de
802 1049 1037 1102 Norwegia
1073 1050 1117 1089 in
1153 1050 1349 1091 Daniam
1385 1064 1464 1103 pro
1497 1053 1730 1093 auunculo

85 1119 331 1170 visitand03
379 1121 434 1162 de
466 1135 557 1175 quo
591 1121 739 1163 Olone
778 1121 952 1175 aliquid
986 1125 1051 1162 est
1083 1122 1345 1175 dicendum,
1388 1137 1440 1164 eo
1473 1126 1595 1178 quod
1631 1129 1730 1178 post

86 1192 338 1233 Haraldum
376 1205 567 1246 regnum
610 1194 754 1234 Danie
795 1193 1004 1247 optinuit.
1077 1194 1160 1235 Hic
1193 1196 1294 1243 Olo,
1342 1209 1447 1236 curn
1491 1209 1571 1237 ‚xw
1615 1202 1731 1238 esset

83 1278 325 1318 annorum,
359 1266 582 1319 stupende
600 1266 840 1320 probitatis
864 1271 978 1312 erat;
1013 1267 1174 1308 habuit
1199 1268 1342 1308 eciam
1370 1273 1461 1308 tam
1482 1269 1727 1310 terribilem

82 1342 331 1391 aspectum,
363 1343 409 1380 vt
435 1339 579 1380 eciam
605 1339 841 1380 fortissimi
868 1340 1042 1392 pugiles
1070 1341 1167 1381 solo
1194 1341 1290 1381 eius
1315 1341 1415 1382 visu
1442 1346 1726 1383 terrerentur.

82 1410 307 1461 Quicum
341 1411 556 1462 audisset,
605 1412 894 1463 Gunnonem‚
935 1413 1224 1454 Thelmarcie
1262 1414 1442 1466 ducem,
1485 1427 1587 1455 cum
1634 1416 1727 1456 tilio

82 1496 165 1524 suo
191 1483 457 1525 Grimmone
489 1484 535 1524 in
569 1485 770 1538 quadam
799 1484 914 1525 silua
945 1485 1182 1526 latrocinia
1215 1499 1435 1539 exercere,
1468 1494 1727 1530 commotus

80 1556 135 1596 de
166 1559 291 1596 tanto
324 1556 525 1597 facinore
566 1569 648 1597 nec
690 1570 782 1597 non
821 1561 862 1597 et
900 1557 1186 1598 iuuentutem
1227 1572 1358 1599 suam
1398 1561 1553 1601 volens
1593 1562 1726 1602 claris

80 1628 294 1681 operibus
326 1641 534 1669 exercere
566 1642 735 1682 equum
770 1633 811 1670 et
842 1642 1004 1670 canem
1037 1643 1143 1671 cum
1176 1631 1356 1672 leuibus
1395 1633 1535 1674 armis
1569 1634 1726 1687 petiuit

78 1713 103 1741 a
135 1704 274 1754 patre,
316 1701 471 1755 sicque
504 1702 754 1754 predictam
789 1702 954 1743 siluam
988 1703 1113 1744 solus
1151 1703 1410 1755 ingrediens
1443 1706 1724 1748 latrunculos

79 1773 341 1814 venabatur.
404 1774 601 1826 Contigit
646 1778 799 1815 autem
840 1788 942 1815 eum
985 1775 1031 1816 in
1074 1776 1320 1829 paludibus
1368 1782 1409 1818 et
1449 1778 1561 1819 locis
1593 1780 1723 1832 quasi

77 1844 471 1887 inaccessibilibus
494 1847 686 1887 domum
711 1847 952 1888 Gunnonis
976 1847 1204 1893 inuenire:
1239 1849 1283 1888 in
1309 1863 1398 1903 qua
1423 1862 1529 1891 cum
1556 1864 1723 1904 ponere

77 1918 208 1959 vellet
239 1931 409 1972 equum
441 1932 593 1967 suum,
635 1932 660 1959 a
699 1920 903 1971 Takone,
943 1934 1077 1961 seruo
1111 1921 1365 1967 Gunnonis,
1406 1935 1511 1963 cum
1555 1935 1722 1975 magno

76 1989 249 2044 impetu
288 1991 548 2045 prohibitus
591 1996 675 2040 est3
722 1992 809 2034 Olo
853 1996 1020 2043 autem,
1063 1997 1393 2046 contempnens
1434 2008 1537 2035 eum
1572 1996 1722 2047 gladio

77 2066 322 2115 percutere,
353 2065 694 2117 apprehensum
728 2065 942 2105 contriuit
976 2065 1021 2105 in
1053 2070 1219 2106 terram
1252 2079 1305 2106 ac
1338 2067 1435 2107 eius
1467 2081 1570 2108 ossa
1601 2081 1721 2108 com-

80 2134 256 2187 minuit,
289 2135 444 2190 sicque
476 2136 523 2177 in
552 2138 759 2188 domum,
792 2138 911 2178 vnde
943 2142 1218 2189 cucurrerat,
1252 2139 1415 2179 reiecit.
1465 2139 1565 2189 Qua
1599 2140 1721 2192 igno-

75 2206 215 2248 minia
234 2209 447 2249 concitati
466 2210 632 2250 Gunno
660 2213 702 2250 et
720 2209 926 2251 Grimmo
951 2210 996 2250 in
1024 2211 1173 2264 ipsum
1200 2211 1444 2252 fortissime
1471 2212 1718 2257 irruerunt;

74 2280 151 2320 sed
182 2279 294 2334 ipsis
326 2281 564 2334 prostratis
596 2294 788 2335 corpora
821 2296 979 2323 eorum
1014 2283 1116 2324 altis
1144 2283 1361 2337 patibulis
1393 2284 1551 2335 affixit,
1585 2289 1630 2324 vt
1661 2286 1719 2325 ab

157 2440 193 2476 2.
226 2441 403 2487 Itaquod
431 2441 474 2476 D.
552 2445 590 2477 et
618 2442 749 2489 princ.
775 2442 850 2479 AS.
913 2443 948 2478 3.
984 2453 1059 2489 per
1082 2443 1214 2478 danos
1228 2439 1333 2491 (DLA.
1397 2444 1626 2490 compleuit
1642 2445 1717 2480 AS.

74 2497 109 2533 4.
145 2501 387 2544 pmerentur
432 2498 573 2542 codd.,·
621 2499 763 2535 malim
810 2501 911 2535 certe
956 2499 1305 2545 deprimerentur.
1396 2511 1467 2536 eos
1514 2512 1593 2537 om.
1642 2502 1717 2537 AS.

72 2553 378 2591 dominacionis
395 2556 440 2592 A.
504 2556 539 2592 5.
565 2556 605 2592 in
633 2567 710 2592 om.
728 2557 804 2593 AS.
867 2557 901 2592 6.
925 2556 1153 2593 aufferrent
1178 2557 1225 2601 S;
1258 2557 1432 2594 afferent
1455 2559 1497 2593 A.
1562 2559 1595 2596 7.
1626 2559 1716 2602 Quo

71 2610 105 2646 si
122 2611 161 2647 S.
222 2623 368 2648 eorum
387 2623 464 2649 om.
481 2613 558 2649 AS.
620 2613 742 2650 talem
763 2615 940 2658 ritum(!)
959 2614 1001 2649 A.
1061 2614 1095 2649 8.
1114 2614 1241 2650 eiceb.
1259 2614 1298 2650 S.
1360 2614 1550 2661 priuatus
1572 2626 1648 2651 om.
1673 2617 1716 2655 D.

70 2668 137 2703 sed
163 2667 216 2704 D3
247 2669 408 2716 absque
438 2672 531 2705 ante
562 2670 679 2707 milit.
704 2669 872 2708 addidit.
935 2672 968 2707 9.
1003 2670 1122 2707 verba
1145 2671 1261 2707 Talia
1282 2701 1287 2706 .
1308 2701 1313 2707 .
1331 2674 1546 2718 torperent
1572 2683 1648 2708 om.
1677 2673 1715 2709 S.

70 2726 256 2762 excercia
288 2727 370 2764 VA.
450 2728 511 2763 10.
551 2727 673 2763 Verba
715 2729 895 2773 Contigit
933 2739 981 2764 eo
1023 2731 1224 2774 tempore,
1267 2731 1308 2764 vt
1349 2729 1478 2775 (quod
1512 2730 1590 2773 AS)
1626 2733 1717 2775 pos!

72 2781 243 2819 Haraldi
267 2783 419 2820 habent
439 2785 571 2829 codd.‚·
596 2785 840 2831 transposui.
900 2787 959 2820 11.
985 2786 1235 2829 aw(u)nculo
1261 2797 1338 2821 suo
1356 2786 1431 2821 AS.
1491 2787 1552 2821 12.
1578 2787 1715 2822 dicen-

21 2863 26 2867 -
70 2838 168 2875 dum
208 2843 270 2876 est
307 2841 350 2877 A.
443 2842 504 2877 13.
539 2842 670 2878 Danie
711 2853 789 2878 om.
823 2842 899 2878 AS.
995 2843 1053 2878 14.
1087 2842 1333 2878 horribilem
1366 2843 1411 2880 A.
1506 2844 1565 2879 15.
1600 2844 1713 2880 visus

69 2900 284 2942 aspectum
309 2897 357 2943 S;
388 2899 524 2934 visum
558 2902 597 2935 et
629 2910 715 2946 asp.
747 2900 790 2935 A.
854 2900 915 2935 16.
948 2900 1249 2944 thetma(e)rcie
1281 2900 1358 2935 AS.
1425 2900 1484 2936 17.
1516 2909 1713 2946 gunnone

70 2953 145 2990 AS.
211 2955 273 2991 19.
303 2961 382 3002 equ
407 2966 552 2992 canem
574 2957 617 2993 A.
679 2957 741 2993 21.
766 2956 1009 3003 palludibus
1029 2957 1111 2993 DV.
1175 2957 1238 2993 23.
1263 2957 1448 2992 thokone
1475 2957 1503 2993 S
1527 2958 1712 3001 (Tokone

69 3008 201 3057 Saxo).
294 3012 358 3048 25.
389 3016 627 3059 percuttere
660 3013 700 3053 S,
792 3014 881 3050 eius
914 3014 1041 3050 vitam
1074 3025 1224 3051 comm.
1259 3014 1298 3050 S.
1388 3015 1451 3050 27.
1483 3023 1629 3060 grymo
1661 3016 1711 3060 A3

69 3067 248 3112 grimino
281 3069 320 3106 S.

1762 985 1799 1015 10

1758 1348 1796 1377 15
