2150 3584
290 1004 331 1034 10

294 1367 335 1398 15

294 1733 337 1764 20

298 2097 339 2127 25

354 218 438 258 364
699 228 974 257 SCRIPTORES
1007 227 1233 257 HISTORIAE
1266 228 1442 256 DANICAE
1475 228 1674 256 MINORES

358 344 570 383 Kanutus
596 342 798 385 Olauum
829 343 886 382 ad
917 342 1272 393 Gerithslauum,
1306 341 1612 383 Orientalium
1645 342 1824 394 ducem,
1856 342 2009 394 fugere

355 416 403 456 in
437 415 623 455 exilium
657 415 813 467 coegit.
877 416 1157 468 Recuperata
1199 414 1335 467 igitur
1368 414 1607 466 Norwegia
1647 414 1826 455 rediens
1860 414 2010 456 Ricar-

357 489 467 528 dum
502 489 556 528 de
590 487 737 541 patria
769 501 851 528 sua
884 487 1074 541 fugauit,
1107 487 1213 541 quia
1246 499 1451 527 sororem
1484 499 1616 526 suam
1650 486 1836 539 Estrith,
1869 500 2009 541 quam

356 560 396 600 ei
428 572 617 601 vxorem
650 561 850 612 dederat,
873 546 876 549 .
897 560 1095 613 grauiter
1136 559 1380 611 affligebat,
1426 559 1669 613 ipsamque
1701 558 1748 599 in
1781 559 2010 601 Sialendia

356 632 555 686 positam
581 633 789 686 parcium
812 633 1042 685 regiarum
1060 632 1165 672 fecit
1181 631 1552 685 procuratricem.
1595 632 1771 672 Interea
1796 631 2010 673 defuneto

355 717 458 758 rege
477 705 646 746 SWecie
666 706 831 758 Olauo,
857 706 993 746 fratre
1013 704 1180 745 Kanuti
1208 716 1261 744 ex
1286 707 1444 754 matre,
1470 703 1688 744 successit
1706 703 1745 743 ei
1763 703 2012 745 ssmundus

356 778 479 818 filius
513 791 636 819 suus,
701 779 832 819 Tunc
864 779 1055 829 Olauus,
1101 790 1180 818 rex
1212 775 1464 828 Norwegie,
1503 776 1662 817 habito
1695 776 1924 817 adiutorio
1956 777 2012 817 de

358 850 529 892 Swecia
561 851 779 891 audacter
805 850 1094 902 Norwegiam
1120 848 1321 900 intrauit,
1355 861 1559 902 sperans,
1591 849 1715 903 quod
1743 848 1834 889 iam
1860 852 2014 903 posset

356 923 564 964 resistere
599 924 795 975 Kanuto,
835 923 971 963 fratre
1004 922 1232 963 defuncto.
1298 921 1383 962 Hic
1415 921 1606 973 Olauus,
1645 920 1714 961 vir
1745 934 1824 974 per
1856 921 2011 962 omnia

359 995 626 1048 catholicus,
673 996 900 1049 populum
938 996 1101 1035 rudem
1141 998 1182 1034 et
1220 1005 1452 1048 paganum
1492 994 1540 1034 in
1579 993 1774 1035 diuersis
1806 993 2014 1047 partibus

359 1070 416 1109 ad
450 1069 625 1109 cultum
658 1067 730 1108 dei
763 1071 806 1108 et
836 1068 1054 1108 honestos
1087 1080 1238 1108 mores
1270 1066 1474 1108 adduxit.
1538 1067 1624 1107 Hic
1666 1067 1777 1107 dum
1811 1067 2013 1120 quadam

359 1141 432 1183 die
464 1141 698 1182 dominica
730 1141 965 1196 quoddam
997 1140 1174 1193 lignum
1209 1152 1288 1193 per
1318 1139 1547 1180 incuriam
1579 1142 1764 1191 secaret,
1797 1142 2015 1180 astantes-

359 1227 447 1269 que
486 1213 580 1261 sihi
627 1214 828 1254 dicerent
873 1214 1039 1254 festum
1089 1226 1199 1265 esse,
1246 1212 1320 1253 ille
1369 1211 1603 1252 scindulas
1645 1211 1756 1264 ligni
1802 1212 2014 1252 collectas

360 1300 498 1341 super
543 1286 748 1340 palmam
787 1287 942 1327 dextre
983 1299 1148 1326 manus
1189 1298 1270 1326 sue
1317 1283 1528 1325 comburi
1570 1284 1697 1333 fecit3
1745 1287 1787 1324 et
1825 1284 1929 1324 licet
1968 1283 2014 1324 in

361 1360 489 1401 nullo
521 1360 643 1400 lesus
676 1363 805 1411 esset,
852 1358 997 1400 voluit
1028 1362 1181 1398 tamen
1216 1371 1296 1411 per
1326 1358 1416 1398 hoc
1448 1356 1701 1409 ostendere,
1749 1369 1890 1410 quam
1923 1356 2015 1396 acri

361 1445 480 1486 pena
518 1431 713 1473 violacio
753 1431 974 1472 festorum
1015 1431 1072 1472 sit
1111 1431 1410 1484 percellenda,
1451 1432 1493 1469 et
1531 1414 1742 1483 (cauere),
1780 1442 1838 1469 ne
1870 1428 2015 1470 eciam

361 1505 533 1546 factum
590 1517 724 1545 suum
779 1507 896 1545 esset
941 1503 1042 1544 aliis
1091 1503 1353 1556 exemplum
1400 1502 1710 1555 delinquendi.
1804 1501 2016 1543 Ceterum

363 1581 490 1632 pater
536 1581 630 1619 erat
676 1590 934 1630 pauperum
982 1580 1024 1617 et
1069 1575 1374 1630 pupillorum,
1426 1578 1665 1616 venerator
1711 1575 2015 1626 sacerdotum,

364 1650 667 1704 omniumque
700 1650 847 1691 cultor
878 1649 1113 1691 virtutum.

449 1723 571 1764 XIII.
643 1722 746 1764 Vlfo
793 1726 947 1763 autem
994 1721 1239 1776 predictus,
1285 1720 1500 1761 inuidens
1546 1719 1792 1762 virtutibus
1834 1719 2016 1771 Kanuti,

365 1795 472 1850 quia
504 1799 657 1849 aperte
688 1809 783 1837 non
816 1795 1028 1845 audebat,
1075 1794 1233 1835 dolose
1266 1797 1424 1834 contra
1457 1806 1562 1833 eum
1596 1792 1835 1845 cogitabat.
1898 1792 2016 1833 Nam

366 1868 533 1910 Sweeis
565 1868 824 1922 frequenter
857 1867 1070 1909 Scaniam
1103 1866 1426 1907 infestantibus
1460 1865 1621 1919 petiuit
1637 1865 1754 1917 Vlfo,
1787 1868 1832 1906 vt
1863 1864 2017 1918 ipsum

368 1942 577 1982 Kanutus
618 1941 813 1982 mitteret
852 1944 1010 1982 contra
1051 1952 1128 1981 eos
1168 1940 1386 1993 daretque
1419 1938 1506 1978 sibi
1538 1938 1709 1978 litteras
1741 1938 1798 1978 ad
1831 1937 2018 1989 Estrith,

366 2027 455 2068 que
486 2013 755 2055 auctoritate
786 2014 904 2066 regis
935 2013 1210 2065 fungebatur
1242 2012 1287 2052 in
1322 2010 1566 2063 Sialendia,
1613 2013 1660 2052 vt
1698 2010 1798 2064 ipsa
1844 2010 2019 2060 faceret,

367 2099 455 2141 que
487 2086 589 2127 Vlfo
629 2086 886 2139 imperaret.
949 2085 1040 2137 Qui
1083 2098 1188 2126 cum
1231 2084 1388 2125 litteris
1435 2084 1493 2124 ad
1541 2096 1642 2124 eam
1686 2082 1875 2125 veniens
1922 2082 2019 2124 eius

369 2159 656 2200 connubium
680 2159 961 2212 postulabat3
987 2143 1076 2213 <at>
1098 2158 1175 2198 illa
1199 2158 1388 2198 credens
1410 2158 1500 2197 hoc
1522 2169 1576 2196 ex
1599 2155 1750 2196 fratris
1775 2156 2020 2209 procedere

368 2232 602 2273 voluntate
663 2231 973 2272 contradicere
1034 2243 1127 2271 non
1189 2229 1485 2283 presumpsit:
1554 2228 1619 2269 sic
1679 2227 2020 2269 versutissimus

372 2317 570 2358 nequam
609 2308 703 2344 tam
743 2315 894 2356 regem
936 2316 1076 2357 quam
1118 2303 1216 2344 eius
1263 2314 1468 2343 sororem
1513 2300 1828 2342 circumuenit.
1890 2300 2021 2341 Tunc

460 2449 493 2485 1.
526 2449 576 2485 de
609 2449 704 2495 (pro
736 2448 803 2493 ad)
835 2448 880 2485 D.
955 2448 1090 2494 gerith
1124 2447 1281 2484 flauum
1309 2446 1399 2491 DV;
1433 2446 1566 2492 gerith
1602 2445 1770 2481 slauiam
1795 2445 1847 2491 Α;
1885 2445 2020 2492 gerith

375 2506 584 2543 slauorum
604 2506 642 2543 S.
691 2506 726 2542 4.
747 2505 920 2541 dederat
936 2516 1106 2542 vxorem
1126 2505 1165 2541 S.
1229 2503 1534 2551 fyala(e)ndiam
1553 2503 1667 2548 1)(Α).
1722 2503 1756 2539 5.
1775 2502 2020 2550 parencium

373 2564 612 2611 reginarum
626 2565 664 2608 (l)
695 2563 742 2608 S;
783 2563 936 2610 picium
971 2563 1066 2608 (pro
1091 2562 1244 2610 pcium)
1275 2561 1484 2607 regiarum
1517 2561 1562 2597 V.
1651 2561 1685 2596 6.
1718 2560 1960 2597 odmundus
1994 2560 2021 2595 S

373 2631 542 2667 semper.
608 2621 669 2657 10.
697 2620 934 2656 katholicus
959 2620 1034 2656 As.
1099 2620 1160 2656 12.
1190 2620 1381 2655 ineuram
1407 2619 1451 2654 Α.
1515 2619 1575 2653 14.
1600 2628 1674 2654 sue
1698 2618 1785 2654 dex.
1813 2628 1919 2654 man.
1944 2617 2020 2653 AS.

377 2679 542 2715 14—15.
574 2679 615 2714 in
650 2678 766 2714 nullo
798 2677 930 2714 lesus:
978 2677 1026 2713 de
1062 2676 1141 2713 Imc
1179 2687 1221 2712 re
1256 2675 1364 2712 nihil
1393 2675 1490 2711 dicit
1517 2675 1636 2720 Saxo,
1684 2674 1753 2711 sed
1783 2675 2025 2721 epitomaior

374 2736 450 2771 hoc
481 2746 530 2771 ex
559 2735 758 2782 Leqendis
789 2735 837 2771 de
859 2734 894 2771 S.
924 2734 1053 2770 Olauo
1084 2734 1305 2780 sumpsisse
1336 2733 1513 2777 videtum
1545 2732 1617 2779 cfr.
1644 2731 1680 2768 S.
1706 2731 1751 2768 R.
1777 2731 1826 2768 D.
1854 2731 1962 2767 Tom.
1986 2731 2027 2767 II

372 2804 411 2839 ρ.
444 2792 538 2838 537,
558 2793 611 2829 26
642 2795 679 2828 et
704 2804 744 2839 p.
777 2792 952 2837 548,21.
1046 2792 1107 2828 15.
1154 2792 1301 2836 acer(!)
1342 2791 1386 2826 Α.
1480 2791 1540 2826 16.
1587 2788 1854 2836 procellenda
1901 2788 2022 2834 DAS3

376 2850 646 2896 procellanda
678 2850 733 2894 V;
772 2849 939 2885 correxi.
1015 2859 1165 2884 cauere
1197 2847 1357 2893 addidi;
1400 2846 1480 2883 nisi
1507 2847 1612 2893 forte
1643 2849 1683 2883 et
1714 2846 1848 2882 tollere
1879 2848 1951 2881 aut
1981 2845 2023 2881 in

377 2909 410 2943 .Γ.
446 2908 633 2952 (scilicet)
666 2909 823 2943 mutare
856 2906 1060 2944 malueris.
1127 2906 1187 2942 18.
1221 2908 1338 2952 pater
1370 2915 1617 2951 pauperum,
1649 2903 1721 2949 cfr.
1754 2902 1834 2939 Iob.
1865 2903 1928 2949 29,
1950 2902 2022 2947 16,-

378 2964 419 2999 in
450 2964 648 3010 Le9e11d1's
679 2964 921 3001 Sanctorum
948 2974 1053 3010 saepe
1075 2963 1255 2999 recurrit.
1333 2961 1734 3006 veneratorummm.
1797 2960 1860 2996 24.
1886 2959 2023 3006 regiV

377 3022 504 3068 (regia
537 3020 773 3067 Lanyebelc).
851 3020 1102 3069 syalandiam
1137 3020 1181 3056 D.
1244 3020 1306 3056 25.
1340 3019 1392 3055 ad
1424 3030 1519 3055 eum
1545 3018 1590 3054 V.
1652 3019 1715 3054 26.
1748 3020 1789 3053 at
1819 3016 1969 3054 addidi.
