2150 3584
56 1448 96 1480 10

52 1813 91 1844 15

51 2175 92 2206 20

51 2537 92 2570 25

266 227 484 257 SVENONIS
516 228 707 257 AGGONIS
741 229 843 257 FILII
877 229 1035 258 BREVIS
1070 230 1280 259 HISTORIA
1313 231 1464 260 REGVM
1499 231 1629 260 DACIE
1694 221 1771 261 125

933 341 972 402 S

130 447 309 490 Christo
366 453 471 489 sunt
519 449 693 490 lucrati.
786 450 905 489 Inter
958 462 1074 503 quos
1131 451 1334 503 presules
1381 452 1675 493 Gerbrandus
1731 458 1771 494 et

130 520 351 561 Rodulfus
397 521 657 574 extiterunt,
712 534 907 575 quorum
956 521 1173 573 alterum,
1228 536 1391 576 nempe
1439 524 1770 577 Gerbrandum,

128 593 444 634 Roschildensi
488 593 689 646 primum
730 593 916 647 prefecit
956 594 1164 646 ecclesie,
1214 595 1410 636 Rodulso
1458 609 1566 637 uero
1609 598 1771 638 Slesui-

127 677 307 706 oensem
355 666 600 718 regendam
648 666 832 706 tradidit
878 666 1130 707 ecclesiam.
1195 667 1310 708 Cum
1360 672 1510 708 autem
1561 670 1769 722 pluribus

126 737 274 789 regnis
315 738 439 778 solus
478 751 571 779 non
619 743 771 791 posset
816 751 1003 791 operam
1051 739 1328 792 impendere,
1377 745 1587 793 nepotem
1633 755 1766 782 suum

126 810 396 863 Svenonem‚
436 809 540 850 licet
570 810 872 863 impuberem,
912 810 1035 862 regio
1067 811 1313 851 illustrauit
1345 812 1532 864 honore,
1571 814 1769 854 Datiam-

124 894 210 937 que
251 882 290 922 ei
335 882 683 935 gubernandam
733 883 1090 924 commendauit.
1153 883 1294 924 Cuius
1334 889 1460 938 pater
1500 886 1640 926 extitit
1684 887 1769 938 Vlf,

125 955 381 1008 Sprakaeleg
412 955 706 1007 cognomine3
740 959 883 996 mater
916 968 1025 996 uero
1059 969 1187 997 soror
1218 957 1335 1008 regis
1369 958 1553 999 Estrith.

840 1263 964 1305 CAP.
998 1264 1049 1304 X.

218 1334 472 1412 Defuncto
515 1370 696 1410 Kanuto
747 1381 849 1423 rege
896 1383 1039 1424 nepos
1087 1370 1184 1411 eius
1225 1372 1386 1424 Sveno‚
1433 1372 1491 1413 ab
1534 1374 1766 1415 auunculo

121 1445 253 1483 antea
290 1441 603 1493 inauguratus,
650 1443 774 1494 regni
814 1443 1125 1496 gubernacula
1172 1444 1382 1497 suscepit.
1447 1445 1536 1495 Qui
1583 1446 1766 1487 modico

120 1518 323 1568 tempore
353 1527 507 1555 rerum
538 1514 912 1568 tranquillitatem
947 1515 1157 1556 obtinuit.
1214 1516 1396 1570 Quippe
1429 1530 1507 1557 rex
1539 1518 1766 1571 Noruagie

122 1587 326 1639 Magnus,
358 1587 477 1628 beati
505 1587 642 1628 Olaui
673 1587 789 1640 regis
821 1601 875 1628 ex
907 1588 1166 1629 concubina
1198 1589 1334 1642 filius,
1367 1590 1587 1631 instructa
1620 1591 1764 1631 classe

120 1659 316 1699 Daniam
361 1659 543 1700 inuasit.
607 1659 688 1701 Cui
737 1673 814 1701 rex
858 1661 1005 1701 Sveno
1053 1673 1297 1702 occurrens
1338 1662 1462 1702 iuxta
1504 1663 1762 1716 Helghanes

118 1732 282 1772 nauale
313 1744 420 1772 cum
451 1745 504 1773 eo
536 1732 768 1773 commisit
799 1733 996 1784 bellumg
1030 1733 1075 1773 in
1108 1747 1199 1787 quo
1234 1735 1427 1787 Magnus
1459 1735 1761 1789 triumphauit

118 1803 403 1859 obtinuitque
433 1804 621 1856 Jutiam,
666 1804 875 1845 Fioniam
908 1809 950 1845 et
982 1806 1225 1847 Sclauiam.
1289 1807 1437 1857 Quem
1471 1808 1581 1847 dum
1615 1808 1762 1848 uictor

116 1875 160 1916 in
202 1876 414 1917 Scaniam
454 1878 663 1932 persequi
705 1877 955 1930 moliretur,
1002 1878 1048 1919 in
1089 1878 1320 1919 Sialandia
1360 1892 1468 1920 casu
1508 1880 1759 1933 inopinato,

117 1948 220 2001 equi
254 1949 471 1990 sternacis
503 1949 740 2003 precipitio
773 1950 926 1991 arbori
953 1951 1113 2003 illisus,
1145 1951 1327 1993 interiit.
1375 1954 1438 1993 Ac
1463 1954 1758 2005 postmodum

117 2020 263 2062 sveno
309 2023 542 2063 restitutus
586 2034 725 2075 regno
772 2022 973 2076 inquiete
1018 2023 1140 2064 illius
1187 2024 1390 2077 possedit
1434 2025 1756 2077 gubernacula.

118 2093 251 2135 Hunc
294 2095 481 2147 ‘Regum
531 2095 722 2136 Patrem’
771 2096 904 2136 turba
952 2096 1213 2137 nominauit
1257 2097 1466 2149 agrestis,
1529 2110 1580 2138 eo
1635 2098 1757 2151 quod

117 2179 361 2207 numerosa
414 2167 615 2208 filiorum
674 2169 798 2220 prole
852 2169 1113 2209 uberrimus
1174 2169 1378 2210 extiterit.
1471 2170 1592 2210 Inter
1643 2183 1759 2223 quos

118 2238 374 2279 successiue
415 2239 618 2294 quinque
650 2240 772 2292 regio
805 2240 1030 2281 fulserunt
1060 2241 1329 2282 diademate.
1393 2242 1600 2292 Quorum
1635 2246 1755 2295 gesta

117 2311 401 2365 superfluum
439 2312 549 2352 duxi
590 2313 721 2365 plene
753 2313 964 2364 recolere,
1011 2327 1067 2354 ne
1109 2313 1312 2354 crebrius
1352 2314 1473 2355 idem
1515 2315 1753 2368 repetitum

117 2382 349 2424 fastidium
389 2388 565 2438 pareret
604 2385 869 2437 legentibus,
915 2397 1034 2432 cum,
1081 2386 1246 2426 illustri
1278 2386 1588 2440 archipresule
1619 2387 1757 2427 Absa-

117 2455 219 2496 lone
270 2456 508 2509 referente,
571 2457 911 2498 contubernalis
973 2470 1102 2498 meus
1156 2458 1273 2499 Saxo
1334 2459 1597 2511 elegantiori
1656 2460 1757 2500 stilo

117 2528 323 2569 omnium
357 2533 478 2581 gesta
511 2529 733 2583 prolixius
765 2543 990 2583 exponere
1022 2530 1283 2571 decreuerit.
1347 2531 1441 2571 Nec
1472 2536 1536 2572 est
1568 2536 1757 2585 pretere-

118 2601 307 2653 undum,
355 2602 478 2655 quod
518 2603 602 2642 hec
642 2602 788 2655 prisca
829 2606 1034 2642 ueterum
1075 2602 1321 2642 inualuerit
1363 2605 1661 2653 consuetudo,
1710 2608 1757 2644 ut

117 2673 171 2712 ad
213 2685 371 2725 regum
410 2674 781 2726 inaugurationes
822 2674 865 2714 in
909 2675 1048 2715 Iisore
1088 2675 1326 2715 Danorum
1366 2676 1581 2717 uniuersa
1624 2677 1754 2717 turba

117 2745 377 2798 conflueret,
410 2750 458 2786 ut
490 2760 542 2787 eo
575 2747 621 2787 in
654 2747 754 2787 loco
784 2746 1138 2787 assentientibus
1162 2747 1370 2787 omnium
1399 2748 1570 2789 ciuium
1598 2749 1756 2789 suffra-

117 2816 198 2867 giis
243 2818 418 2870 regium
465 2832 633 2859 nomen
681 2832 925 2873 rerumque
972 2832 1202 2859 summam
1242 2819 1509 2861 obtinerent.
1575 2822 1754 2861 Mortuo

121 2940 181 2976 19.
212 2941 390 2987 inquete.
452 2943 514 2978 21.
547 2954 691 2989 quoq3.
762 2944 824 2979 25.
857 2945 1055 2979 executus
1086 2946 1180 2989 (pro
1212 2940 1444 2988 executus).
1515 2945 1577 2980 28.
1611 2947 1753 2990 utpote

116 2995 211 3045 (pro
242 3002 286 3034 ut
317 2998 396 3045 ipa)
427 3000 552 3036 omni.
