2150 3584
566 219 859 248 COMPENDWM
894 220 1090 248 SAonls.
1141 222 1222 249 Lm.
1256 223 1347 249 xnn
1690 213 1770 252 415

131 347 177 375 se
208 333 501 383 defendebam
536 332 755 373 Lalandia
788 333 1025 373 tributaria
1061 334 1161 383 fuit;
1194 339 1338 375 cetera
1374 341 1542 376 vastata
1578 338 1768 378 fuerunt.

131 406 293 447 Sweno
333 409 500 456 autem,
547 406 796 458 desperans
836 418 881 446 se
923 418 1055 458 posse
1093 408 1284 459 patriam
1319 421 1341 447 a
1378 409 1532 461 piratis
1569 410 1770 460 liberare,

130 481 288 519 contra
337 478 569 518 Kanutum
624 481 666 518 et
710 478 1059 518 Waldemarum
1108 480 1309 519 studium
1360 481 1593 521 conuertit.
1688 482 1771 521 luit

129 550 264 603 igitur
294 550 340 590 in
374 550 619 591 Saxoniam
653 550 710 590 ad
747 550 1026 602 Conradum,
1068 555 1241 604 patrem
1276 553 1426 593 vxoris
1460 567 1551 604 sue,
1600 554 1771 593 habens

131 635 284 664 secum
318 623 682 675 Waldemarum,
726 622 813 662 sub
846 622 1047 663 maxima
1081 623 1395 675 simulacione,
1438 630 1479 665 vt
1512 639 1613 665 eum
1650 627 1769 679 apud
1801 635 1818 663 5

131 694 396 736 Conradum
428 699 630 735 extremo
659 694 861 748 periculo
886 695 1143 736 destinaret.
1193 696 1278 737 Sed
1299 698 1551 745 Conradus,
1583 699 1774 738 audiens

130 767 477 808 Waldemarum
521 767 664 808 exisse
705 768 760 808 de
794 767 933 808 Dacia
974 768 1059 808 sub
1100 768 1189 808 fide
1232 769 1480 823 Swenonis,
1528 772 1774 823 respondit,

130 853 176 880 se
209 839 335 893 prius
366 840 479 880 velle
511 839 664 880 videre
697 840 969 880 Swenonem
1011 853 1288 893 suspensum
1333 854 1437 882 cum
1479 842 1571 882 filia
1615 856 1693 882 sua
1735 847 1774 883 et

130 916 292 966 nepote
324 912 414 953 iam
449 915 556 952 nato
588 925 727 966 quam
761 912 935 966 aliquid
968 917 1125 953 contra
1152 914 1498 954 Waldemarum
1534 915 1679 955 facere
1712 915 1773 955 sic

128 985 440 1026 fraudulenter
486 985 715 1025 eductum.
787 985 860 1026 Sic
907 985 1068 1026 Sweno
1117 986 1336 1027 confusus
1382 988 1426 1026 in
1473 987 1661 1028 Daciam
1710 991 1774 1027 est
1803 997 1842 1026 10

127 1070 351 1099 reuersus,

215 1130 311 1171 XII.
375 1131 483 1171 Post
529 1130 779 1181 modicum,
827 1143 932 1171 cum
981 1131 1242 1171 Kanutus
1289 1136 1337 1171 et
1382 1132 1775 1172 Waldemarus

128 1203 358 1255 Wibergie
391 1206 692 1255 morarentur,
735 1202 897 1243 Sweno
930 1204 1106 1244 occulte
1137 1203 1349 1244 transiuit
1381 1205 1434 1244 de
1469 1205 1695 1245 Sialendia
1729 1205 1774 1244 in

130 1275 372 1326 Feoniam,
426 1278 473 1316 vt
518 1276 924 1328 comprehenderet
971 1289 1048 1316 eos
1095 1275 1254 1325 simul;
1313 1277 1389 1316 sed
1437 1276 1500 1317 illi
1548 1278 1636 1318 hoc
1681 1290 1775 1330 per-

129 1347 347 1401 cipientes
386 1360 440 1388 ac
478 1347 711 1388 maliciam
750 1333 884 1401 (eins)
924 1350 1257 1401 perpendentes
1297 1349 1524 1400 suffragiis
1561 1350 1843 1390 Jutorum15

128 1433 296 1461 nomen
330 1419 504 1472 regium
537 1424 899 1473 assumpserunt.
949 1421 1084 1471 Quod
1117 1421 1309 1461 audiens
1335 1421 1496 1462 Sweno
1530 1422 1574 1461 in
1609 1421 1776 1462 Sialen-

128 1490 253 1533 diam
296 1492 540 1542 remeauit3
588 1504 786 1546 cumque
828 1493 1036 1533 Kanutus
1077 1497 1118 1533 et
1153 1494 1472 1534 Waldemarus
1512 1507 1617 1534 cum
1657 1494 1775 1534 Jutis

128 1578 234 1605 eum
267 1565 628 1619 insequerentur,
661 1565 975 1619 exercitusque
1008 1565 1065 1605 ab
1098 1579 1150 1606 eo
1183 1566 1401 1606 deflueret
1426 1570 1609 1620 propter
1633 1567 1775 1607 defec-

127 1641 226 1678 tum
250 1650 568 1691 expensarum,
598 1639 654 1678 ad
685 1650 893 1678 socerum
922 1651 1056 1678 suum
1078 1638 1357 1690 Conradum,
1382 1639 1547 1679 ducem
1567 1639 1775 1689 Saxonie,

128 1709 343 1762 confugit.
406 1710 615 1764 Cumque
653 1724 733 1764 per
770 1710 1018 1751 triennium
1054 1724 1209 1751 secum
1242 1711 1413 1762 fuisset,
1462 1715 1670 1752 mortuus
1710 1716 1774 1752 est
1800 1720 1842 1750 20

129 1782 388 1833 Conradus3
420 1786 531 1823 tunc
549 1782 709 1824 Sweno
733 1783 925 1824 contulit
951 1796 997 1823 se
1022 1783 1080 1823 ad
1100 1783 1356 1835 Hinricum,
1382 1784 1545 1824 ducem
1566 1784 1773 1835 Saxonie,

127 1854 397 1908 promittens
426 1855 466 1895 ei
492 1855 744 1896 maximam
771 1856 1031 1909 pecuniam,
1064 1855 1101 1896 si
1126 1869 1205 1909 per
1230 1869 1333 1896 eum
1355 1856 1543 1896 Daciam
1573 1856 1774 1910 optinere

125 1931 290 1981 posset.
350 1928 583 1969 Venerunt
614 1928 749 1981 igitur
782 1928 997 1969 Hinricus
1030 1929 1122 1968 dux
1155 1932 1195 1969 et
1230 1928 1500 1979 Hartwicus,
1533 1929 1774 1981 episcopus

128 2000 401 2052 Bremensis‚
434 2013 539 2041 cum
566 2013 734 2054 magno
763 2001 961 2042 exercitu
988 2014 1130 2055 vsque
1149 2001 1437 2051 Danaewirki,
1468 2004 1773 2054 corruptoque

127 2073 322 2126 pecunia
355 2074 544 2114 custode
575 2077 704 2127 porte
735 2074 972 2115 introitum
1007 2074 1280 2124 habuerunt,
1312 2077 1448 2127 atque
1477 2073 1666 2114 Sleswik
1698 2073 1774 2113 ob·
1799 2083 1841 2113 25

127 2145 326 2186 sidentes
379 2157 595 2198 magnam
649 2146 894 2200 pecuniam
948 2159 973 2186 a
1030 2146 1210 2186 ciuibus
1258 2150 1553 2186 extorserunt.
1644 2146 1773 2186 Tunc

129 2217 386 2259 Hartwicus
419 2218 663 2272 episcopus
695 2219 821 2270 dixit,
870 2220 993 2272 quod
1035 2223 1188 2259 custos
1229 2222 1357 2271 porte
1389 2218 1522 2270 digne
1555 2219 1770 2271 suspendi

126 2290 309 2331 deberet
333 2303 438 2331 cum
465 2291 674 2345 pecunia,
700 2305 839 2346 quam
858 2295 1102 2345 receperat,
1127 2290 1174 2331 in
1193 2291 1453 2344 exemplum
1472 2290 1770 2344 proditorum.

127 2362 194 2403 Eo
233 2365 438 2416 tempore
481 2363 643 2405 Sweno
683 2364 900 2418 spoliauit
937 2375 1152 2416 magnam
1197 2363 1538 2403 multitudinem
1580 2362 1771 2402 nauium

128 2436 411 2477 Rutenorum
459 2441 501 2477 et
547 2436 766 2489 aliorum,
817 2436 895 2490 qui
942 2449 1046 2477 cum
1095 2435 1405 2477 mercimoniis
1451 2439 1668 2476 venerant
1714 2435 1768 2475 ad
1798 2444 1839 2475 30

126 2507 286 2549 vrbem
331 2508 690 2560 Sleswicensem,
737 2509 951 2562 deditque
999 2509 1144 2562 spolia
1191 2508 1414 2548 militibus
1462 2508 1561 2548 loco
1608 2507 1771 2560 stipen-

127 2580 332 2631 diorum;
357 2585 541 2635 propter
565 2582 689 2635 quod
714 2581 886 2622 factum
912 2594 1005 2621 non
1031 2581 1180 2621 solum
1202 2580 1461 2634 frequencia
1485 2580 1770 2619 aduenarum

217 2733 248 2768 l.
289 2732 474 2768 defendit
506 2733 588 2770 DV.
678 2734 712 2769 2.
753 2743 797 2769 se
838 2743 960 2779 posse
998 2743 1075 2768 om.
1115 2732 1158 2768 Α.
1249 2733 1407 2778 pyratis
1445 2733 1488 2775 Α,
1536 2732 1578 2765 ut
1613 2730 1770 2776 soepius.

127 2789 162 2825 8.
207 2800 283 2825 sua
328 2800 407 2826 om.
448 2791 492 2826 Α.
568 2790 604 2826 9.
652 2790 713 2826 sic
758 2801 837 2826 om.
880 2790 919 2826 S.
998 2790 1060 2825 13.
1100 2789 1285 2840 wiberge
1327 2789 1411 2832 DV;
1461 2788 1652 2838 wiburge
1694 2787 1769 2823 AS.

131 2846 193 2883 15.
218 2846 308 2882 eius
333 2846 485 2883 addidi.
549 2847 612 2883 20.
634 2847 736 2893 fugit
754 2847 793 2883 S.
856 2848 919 2882 22.
945 2847 1194 2893 promittens
1220 2857 1263 2882 se
1289 2857 1392 2881 max.
1411 2846 1453 2881 Α.
1516 2845 1680 2880 22—23.
1700 2855 1770 2890 op·

128 2903 278 2939 tineret
315 2902 412 2952 (pro
444 2907 528 2950 opt.
563 2898 720 2952 posset)
751 2904 790 2940 S.
867 2905 930 2940 24.
963 2903 1203 2939 danewirke
1235 2904 1283 2948 S,
1329 2902 1547 2938 daniwirki
1583 2902 1672 2945 DV;
1718 2901 1768 2936 ad

128 2960 356 2997 danewirki
405 2961 449 2997 Α.
551 2962 614 2998 25,
663 2961 835 2997 Sleswik
880 2961 964 3003 AS;
1011 2958 1291 3008 Sleswic(c)ffi
1335 2960 1416 2995 DV.
1518 2959 1580 2994 27.
1627 2961 1768 2993 custos

130 3016 345 3064 Lanyebelc
361 3018 425 3062 (ex
440 3017 634 3063 Saxone),
659 3018 854 3054 custodes
871 3017 983 3053 codd.
1040 3018 1105 3053 28.
1125 3017 1324 3053 deberent
1344 3047 1349 3052 .
1368 3047 1374 3052 .
1394 3019 1637 3062 receperant
1656 3015 1768 3050 DAS.

131 3074 193 3111 30.
226 3075 506 3111 ruthenorum
539 3075 579 3111 S.
643 3075 707 3111 31.
739 3075 916 3122 spoliam
949 3074 1033 3119 As,
1064 3074 1247 3120 spolium
1279 3085 1379 3110 corr.
1413 3071 1470 3110 82.
