2150 3584
536 222 859 251 ‘COMPENDIVM
894 223 1092 252 SAXOle.
1142 225 1223 254 Lm.
1258 225 1282 252 x
1665 216 1744 254 367

104 338 221 378 ciam
257 336 437 378 Kanuti.
502 336 644 376 Porro
677 335 793 388 Vlso,
834 340 1042 390 receptus
1085 338 1127 377 in
1168 339 1383 389 graciam,
1422 351 1525 379 cum
1562 350 1662 390 rege
1702 340 1744 379 in

104 410 216 450 festo
262 408 435 449 Natalis
478 407 663 449 Domini
711 409 953 450 conuiuari
995 410 1169 450 solebat
1202 411 1446 451 Roskildie.
1510 411 1598 462 Qui
1640 424 1743 452 cum

102 481 242 523 semel
296 481 548 521 inebriatus
595 484 811 531 cantaret,
867 481 1062 535 qualiter
1109 482 1226 522 Dani
1281 496 1434 523 coram
1485 484 1582 536 ipso
1631 485 1749 537 apud

105 554 328 594 Hellucha
383 552 610 593 submersi
657 552 862 606 fuissent,
911 558 1190 606 prouocatus
1239 556 1459 606 Kanutus,
1514 557 1644 609 quasi
1692 558 1746 596 de

102 625 380 680 improperio
407 625 493 665 sibi
521 624 639 665 facto
666 625 721 665 de
748 637 856 666 nece
881 625 1077 666 militum
1108 639 1313 678 suorum,
1340 628 1548 668 Vlfonem
1576 628 1744 668 ibidem
1774 646 1792 665 .›

101 698 147 739 in
194 697 412 739 conuiuio
458 697 651 738 interfici
698 696 820 748 fecit3
869 698 1013 739 sorori
1062 711 1168 739 vero
1216 712 1295 739 sue
1343 699 1523 740 viduale
1567 705 1748 754 propter

102 783 259 812 necem
293 769 443 810 mariti
486 770 609 810 dedit
650 771 742 810 duo
776 770 975 821 haeraeth,
1020 784 1107 824 que
1147 770 1247 824 ipsa
1279 772 1466 812 ecclesie
1499 774 1747 813 cathedrali

105 841 394 885 Roskildensi
428 841 721 883 condonauit.

186 916 277 957 XV.
327 914 537 956 Ceterum
568 915 776 955 Kanutus
810 926 945 967 regna
979 928 1061 956 sua
1090 916 1316 958 circuiens
1349 917 1393 957 in
1427 917 1633 958 clientela
1667 931 1745 958 sua

102 1001 178 1029 sex
218 987 344 1028 milia
378 987 551 1041 habuit,
592 987 824 1039 sexaginta
857 1000 998 1028 naues
1038 988 1101 1029 eis
1133 990 1374 1043 deputans,
1414 1002 1610 1043 quarum
1644 1003 1748 1043 que-
1777 1000 1815 1030 10

102 1060 210 1101 libet
242 1071 291 1101 .c.
326 1059 474 1101 socios
507 1059 789 1110 continebat3
823 1059 883 1113 hij
919 1064 1058 1101 estate
1090 1061 1136 1101 in
1169 1062 1368 1102 nauibus
1402 1065 1542 1113 erant,
1583 1063 1747 1115 hyeme

101 1146 180 1186 per
212 1132 513 1174 contubernia
545 1132 725 1172 discreti
755 1133 1072 1185 pascebantur.
1122 1133 1331 1188 Cumque
1358 1135 1609 1175 maximam
1635 1135 1748 1174 mul-

100 1204 343 1246 titudinem
361 1205 560 1246 militum
588 1204 789 1257 haberet,
814 1204 986 1258 patriis,
1011 1206 1177 1247 animis
1203 1210 1245 1247 et
1267 1207 1475 1248 moribus
1498 1207 1747 1258 difformes,

101 1278 218 1330 leges
251 1277 419 1330 statuit,
451 1277 621 1332 quibus
654 1276 898 1331 disciplina
930 1278 1139 1319 militaris
1182 1279 1444 1320 adinuicem
1478 1283 1746 1320 seruaretur.

102 1349 297 1404 Contigit
329 1354 497 1401 autem,
529 1354 576 1392 vt
606 1350 704 1403 ipse
736 1349 914 1403 primus
947 1355 1105 1391 contra
1136 1351 1254 1404 leges
1282 1351 1492 1393 faciendo
1525 1364 1578 1392 ex
1610 1351 1748 1392 ebrie·
1776 1362 1815 1392 15

100 1425 190 1463 tate
238 1427 280 1463 et
325 1422 500 1476 impetu
548 1421 787 1476 proprium
836 1422 1028 1463 militem
1084 1422 1368 1465 interficeret.
1446 1424 1655 1478 Cumque
1702 1437 1747 1464 se

101 1499 258 1535 contra
300 1495 418 1547 leges
459 1495 602 1535 editas
635 1494 834 1547 grauiter
866 1495 1112 1549 deliquisse
1145 1500 1451 1548 cognosceret,
1494 1501 1746 1538 conuocata

104 1567 302 1608 militum
336 1567 629 1608 multitudine
656 1567 712 1607 de
738 1568 905 1609 throno
931 1569 1211 1609 descendens
1244 1569 1290 1609 in
1316 1572 1483 1610 terram
1511 1582 1557 1610 se
1583 1570 1748 1623 posuit,

103 1650 282 1692 rogans,
324 1643 371 1681 vt
401 1639 487 1693 ipsi
529 1641 584 1680 de
616 1652 733 1693 pena
773 1639 861 1680 sibi
900 1640 1149 1692 infligenda
1181 1641 1549 1695 determinarent,
1582 1642 1749 1695 promi-

104 1712 249 1766 sitque
282 1725 329 1753 se
361 1712 604 1765 facturum,
638 1712 861 1767 quidquid
886 1713 1207 1754 decreuissent.
1255 1713 1324 1754 Illi
1357 1718 1543 1767 propter
1567 1714 1748 1755 humili-
1774 1725 1816 1755 20

103 1788 242 1825 tatem
275 1785 371 1826 eius
404 1785 695 1826 lacrimantes
728 1789 1044 1826 conuenerunt
1074 1785 1191 1826 inter
1223 1799 1283 1839 se,
1315 1790 1362 1827 vt
1392 1786 1585 1840 ipsemet
1613 1800 1749 1840 super

104 1870 150 1898 se
196 1857 460 1910 vindicaret,
518 1857 763 1911 ipsumque
811 1871 948 1911 super
993 1859 1213 1899 thronum
1267 1863 1580 1912 reposuerunt.
1658 1860 1748 1910 Qui

104 1930 327 1971 iudicauit
373 1931 555 1984 culpam
605 1943 736 1971 suam
779 1931 972 1984 pecunia
1012 1931 1350 1982 redimendam3
1398 1944 1595 1985 eumque
1636 1932 1748 1972 alias

105 2002 409 2043 homicidium
442 2003 552 2044 ,Χύὲ
586 2003 768 2044 talentis
810 2003 1032 2044 currentis
1065 2003 1258 2057 pecunie
1299 2004 1533 2044 emendari
1573 2004 1747 2055 soleret,

105 2075 201 2128 ipse
241 2075 327 2115 sibi
361 2087 463 2116 .Ccc.
507 2079 549 2116 et
581 2075 692 2116 ‚Lx¹³.
725 2076 893 2116 talenta
933 2075 1112 2128 inflixit,
1154 2076 1227 2117 cui
1266 2089 1447 2116 summe
1481 2089 1548 2117 .1x.
1581 2076 1748 2117 talenta
1776 2087 1818 2117 25

105 2147 204 2187 auri
250 2147 434 2188 clenodii
479 2148 666 2188 nomine
713 2148 888 2188 adiecit.
951 2148 1121 2188 Tocius
1163 2162 1268 2189 vero
1315 2149 1506 2202 pecunie
1553 2148 1749 2202 primam

106 2223 280 2273 partem
313 2220 419 2272 regi,
452 2233 504 2261 eo
537 2221 660 2274 quod
693 2220 829 2261 iudex
860 2219 907 2260 in
940 2233 1079 2261 causa
1106 2220 1265 2273 fuerat,
1297 2221 1485 2261 alteram
1516 2220 1750 2272 militibus,

194 2322 227 2358 1.
260 2322 392 2358 Porro
418 2326 510 2359 etc.:
543 2323 787 2368 epitomator
815 2321 854 2359 h.
883 2323 906 2358 I.
942 2323 1125 2358 ordinem
1157 2333 1306 2368 rerum,
1339 2332 1456 2368 quem
1490 2321 1609 2358 habet
1629 2323 1749 2367 Saxo,

104 2379 323 2425 paululum
357 2380 541 2425 mutauit,
575 2391 647 2416 nec
674 2379 821 2416 inscite.
883 2381 918 2416 2.
953 2380 1174 2416 conuiuari
1195 2379 1286 2425 fort.
1306 2380 1357 2425 V3
1389 2380 1618 2416 conuiuare
1638 2380 1748 2415 DAS.

107 2436 235 2486 roske
268 2438 305 2472 ei
333 2436 483 2472 similia
515 2437 642 2483 codd„
677 2437 769 2473 item
795 2436 903 2483 infra
927 2437 962 2482 8,
998 2436 1066 2472 ubi
1084 2448 1164 2483 pro
1183 2436 1444 2473 Roskildensi
1470 2436 1747 2482 accipiendum

108 2493 235 2530 credo.
299 2493 333 2530 3.
366 2494 477 2540 apud
508 2492 584 2543 (vel
606 2492 664 2542 in)
694 2493 856 2540 scripsi3
889 2497 940 2530 an
971 2492 1026 2542 (oz
1059 2491 1168 2542 ante)
1198 2494 1309 2530 codd.
1372 2495 1406 2530 4.
1432 2491 1654 2541 helluc(h)a
1674 2494 1750 2537 AS,

108 2551 150 2585 ut
167 2551 261 2596 vid.;
293 2550 480 2586 hellutha
501 2551 582 2587 DV.
644 2551 756 2597 quod
779 2551 829 2586 de
847 2551 922 2587 As.
983 2551 1033 2586 de
1057 2550 1192 2587 abesse
1209 2551 1363 2587 malim.
1427 2552 1461 2587 6.
1480 2551 1647 2587 viduata
1668 2551 1748 2587 DV.

110 2607 145 2644 7.
180 2608 341 2644 heraeth
375 2608 414 2644 S.
507 2609 541 2644 9.
574 2608 780 2644 circfiiens
814 2609 858 2644 D.
952 2609 1012 2644 10.
1044 2618 1114 2643 sex
1147 2608 1207 2643 .Μ.
1242 2608 1354 2644 codd.
1448 2609 1509 2644 11.
1543 2618 1660 2653 yeme
1695 2608 1749 2652 D;

108 2664 245 2701 hieme
263 2665 307 2701 V.
370 2665 431 2702 13.
464 2665 597 2712 patrie
623 2663 824 2713 animis(!)
849 2665 888 2701 S.
951 2666 1013 2701 22.
1041 2668 1274 2711 posuerunt
1298 2665 1336 2701 S.
1399 2665 1461 2701 23.
1488 2665 1685 2701 vidicauit
1704 2665 1749 2707 D,

106 2721 174 2757 sed
210 2733 311 2758 corr.
354 2721 425 2769 D23
470 2722 701 2759 vindicauit
739 2722 778 2758 S.
867 2722 1110 2758 redimenda
1149 2722 1214 2758 As
1258 2720 1310 2770 (ei
1351 2722 1442 2767 fort.
1492 2723 1537 2766 D,
1582 2722 1650 2757 sed
1696 2721 1750 2757 ibi

106 2777 354 2826 correctum).
447 2780 614 2815 23—24.
660 2790 841 2825 cumque
887 2779 993 2815 alius
1034 2779 1145 2814 hom.
1184 2779 1350 2821 faceret,
1391 2789 1462 2815 ‚xn
1504 2782 1527 2814 t.
1568 2789 1599 2814 c.
1641 2790 1676 2825 p.
1716 2789 1748 2814 e.

107 2834 291 2884 solent(!)
307 2837 350 2873 A.
412 2837 475 2873 24.
502 2836 664 2874 solebat
683 2837 726 2872 V.
788 2836 852 2872 25.
879 2834 981 2872 .1,x²³.
1012 2835 1158 2881 scripsi
1178 2846 1269 2871 cum
1296 2836 1475 2881 Saxone3
1508 2834 1610 2872 .xi.¹³.
1636 2836 1748 2871 codd.

109 2892 173 2928 26.
212 2893 393 2929 clenodii
432 2894 601 2929 nomine
633 2893 777 2939 scripsi
807 2893 957 2929 incerta
988 2893 1228 2937 coniectura,
1276 2893 1345 2928 sed
1381 2893 1537 2929 Donico
1577 2895 1745 2938 gorsum

108 2950 340 2995 respondet;
386 2951 437 2987 de
469 2962 508 2986 m
543 2956 648 2995 note,
689 2952 731 2986 ui
762 2950 850 2993 vid,
884 2950 936 2995 D;
977 2950 1028 2986 de
1058 2950 1100 2986 in
1134 2957 1227 2987 noie
1258 2951 1311 2995 V;
1358 2951 1398 2985 in
1432 2950 1496 2985 dei
1530 2948 1749 2997 nomine(!)

109 3006 192 3052 AS3
224 3007 323 3043 doni
356 3008 525 3043 nomine
556 3006 771 3053 Lanyebelc
801 3017 850 3042 ex
879 3006 1049 3051 Saxone,
1083 3007 1150 3043 sed
1181 3005 1294 3043 aIIud
1324 3009 1424 3042 certe
1455 3007 1555 3042 [αἰεί.
