2150 3584
88 837 107 868 ei!

64 1199 104 1231 10

63 1561 101 1592 15

58 1923 99 1954 20

55 2591 95 2623 25

465 215 682 244 SVENONJS
714 215 906 243 AGGONIS
941 215 1043 243 FILII
1078 215 1159 241 LEX
1194 214 1459 243 CASTRENSIS
1724 205 1778 244 69

936 325 974 386 S

137 542 335 582 Precone
375 541 510 593 igitur
541 540 847 580 denunciante
880 539 1152 593 proclamari
1186 540 1329 591 iussit,
1374 542 1494 581 solos
1529 541 1628 580 illos
1661 541 1775 591 regis

134 613 421 654 clementiam
454 616 718 666 experturos
751 612 1045 665 arctiorisque
1080 612 1397 653 familiaritatis
1432 613 1667 666 priuilegio
1698 627 1774 665 pre

133 685 233 726 aliis
274 685 502 735 fruituros,
550 684 627 738 qui
660 684 705 724 in
739 684 854 735 regis
894 685 1116 724 honorem
1150 688 1420 738 caterueque
1464 685 1670 725 militaris
1703 687 1773 725 ‹le-

132 770 283 798 corem
317 757 594 810 bipennibus
620 770 986 810 mucronumque
1012 756 1188 809 capulis
1213 758 1443 797 deauratis
1469 762 1771 798 coruscarent.

133 829 261 871 Cedit
300 829 421 870 enim
461 829 623 870 honori
670 828 902 882 principis,
949 828 985 869 si
1028 842 1131 869 eum
1173 833 1298 869 cetus
1339 829 1546 869 militaris
1589 842 1771 881 corona,

132 901 407 954 fulgentibus
454 901 644 952 insignis
690 900 854 948 armis,
906 901 1106 955 undique
1153 914 1283 942 secus
1330 902 1582 942 comitetur.
1678 902 1773 941 Hoc

131 973 276 1014 edicto
316 974 604 1026 promulgato
646 973 707 1023 hi,
755 987 870 1026 quos
910 974 972 1013 rei
1012 973 1250 1013 familiaris
1291 974 1479 1025 urgebat
1509 974 1677 1026 inopia,
1725 987 1771 1014 se

130 1059 153 1086 a
202 1046 427 1099 phalange
473 1045 766 1099 locupletiore
815 1059 1046 1086 secernere
1094 1049 1134 1086 et
1180 1046 1321 1086 ueluti
1363 1059 1548 1098 prorsus
1598 1047 1770 1086 alienos

131 1118 363 1170 seiungere
395 1119 707 1159 decreuerunt.
772 1119 864 1158 Nec
896 1131 1044 1158 mora:
1083 1118 1323 1158 fabrilibus
1355 1118 1552 1158 officinis
1586 1123 1771 1171 perstre-

130 1190 342 1244 pentibus
381 1190 593 1230 uniuerse
633 1194 850 1231 resonant
890 1190 1109 1230 ciuitates.
1185 1190 1366 1243 Quippe
1398 1191 1549 1230 omnis
1582 1195 1769 1231 ornatus

128 1275 239 1303 auro
286 1262 411 1316 prius
449 1263 727 1316 conspicuus
765 1262 1105 1303 aurifabrorum
1145 1276 1283 1315 opera
1323 1263 1367 1302 in
1416 1276 1617 1303 massam
1666 1276 1769 1304 con-

129 1334 275 1386 flatur,
308 1339 368 1388 ut,
401 1336 524 1390 quod
556 1339 688 1375 antea
720 1335 766 1375 in
800 1348 946 1375 uanos
974 1348 1084 1375 usus
1108 1335 1250 1375 fastus
1281 1335 1488 1375 militaris
1515 1335 1768 1387 collegerat,

128 1420 180 1447 eo
226 1407 447 1460 exquisita
493 1407 832 1448 aurifabrorum
879 1406 1175 1459 ingeniositas
1222 1407 1443 1460 bipennes
1492 1411 1532 1447 ct
1579 1408 1768 1460 capulos

127 1483 399 1520 uenustaret.
463 1480 530 1520 Ex
567 1493 658 1534 quo
691 1479 868 1531 accidit,
914 1483 974 1531 ut,
1017 1480 1251 1533 quomodo
1295 1492 1423 1520 mens
1467 1480 1669 1520 humana
1710 1481 1765 1520 ad

127 1551 425 1592 ambitionem
458 1552 676 1605 procliuis
708 1565 805 1593 esse
843 1553 969 1604 solet,
1009 1552 1326 1606 unusquisque
1360 1552 1571 1599 militum,
1615 1565 1768 1605 sump-

126 1623 247 1664 tibus
272 1624 396 1664 haud
426 1637 630 1677 parcens,
664 1624 1026 1665 commilitonem
1051 1628 1092 1664 et
1125 1625 1327 1665 sodalem
1362 1637 1497 1664 suum
1530 1637 1765 1664 armorum

127 1696 365 1749 splendore
405 1697 688 1750 artificioque
730 1697 971 1750 precellere
1012 1700 1265 1737 conaretur.
1330 1697 1458 1737 Unde
1490 1696 1644 1751 liquet,
1691 1710 1767 1737 eos

124 1771 301 1808 tantum
357 1769 604 1821 elegantem
654 1782 887 1810 armorum
936 1770 1093 1810 decere
1139 1774 1374 1821 ornatum,
1429 1769 1506 1823 qui
1562 1769 1766 1809 lautioris

125 1840 304 1881 fortune
345 1841 562 1894 auspiciis
600 1841 694 1882 nati
732 1846 839 1881 sunt
880 1846 921 1882 et
953 1842 1144 1882 educati.
1209 1841 1324 1882 Cum
1357 1846 1507 1881 autem
1543 1842 1599 1881 ad
1633 1841 1764 1882 edicti

124 1913 233 1965 regii
279 1927 491 1954 normam
538 1927 782 1954 numerosa
831 1915 1054 1967 phalanx,
1110 1927 1233 1954 nouo
1279 1914 1481 1968 quodam
1529 1927 1762 1954 armorum

124 1986 285 2026 decore
315 1986 626 2039 resplendens,
669 1986 714 2026 in
750 1986 919 2026 Kanuti
951 1987 1103 2026 aulam
1139 1986 1448 2037 confluxisset,
1495 1986 1677 2038 placuit,
1717 1991 1764 2026 ut

124 2057 338 2098 uniuersa
385 2058 630 2098 multitudo
669 2062 789 2099 certo
828 2058 1144 2099 calculationis
1186 2071 1378 2099 numero
1425 2062 1762 2111 supputaretur.

126 2129 264 2171 Cuius
297 2143 478 2171 summa
510 2130 595 2170 tria
628 2130 770 2170 millia
805 2131 1000 2171 militum
1035 2131 1306 2171 selectorum
1339 2130 1547 2184 expleuit.
1611 2131 1760 2181 Quam

125 2206 353 2243 cateruam
387 2215 471 2242 suo
502 2202 720 2243 idiomate
759 2202 979 2256 Thinqlith
1012 2203 1270 2256 nuncupari
1302 2202 1484 2256 placuit.

826 2389 948 2430 CAP.
983 2389 1060 2429 III.

545 2477 624 2517 DE
659 2477 842 2518 CAVSA
877 2476 1336 2517 INSTITVTIONIS.

216 2549 359 2627 Cum
393 2583 545 2637 itaque
579 2584 787 2623 Kanutus
820 2596 895 2623 rex
928 2587 1018 2622 tam
1052 2582 1264 2623 dissonos
1297 2582 1496 2634 gentium
1532 2583 1645 2623 ritus
1681 2584 1759 2623 uni

120 2657 421 2696 coadunasset
451 2655 634 2706 familie,
667 2668 783 2708 opus
816 2660 923 2703 erat,
957 2659 1004 2694 ut
1036 2655 1147 2694 tanti
1180 2655 1295 2706 regis
1328 2655 1562 2706 exercitus,
1606 2659 1759 2708 utpote

121 2740 173 2767 ex
205 2728 343 2768 uariis
376 2728 591 2768 collectus
623 2727 902 2778 nationibus,
936 2726 1164 2767 uniuersis
1190 2726 1399 2767 uidelicet
1424 2727 1573 2779 regnis
1597 2727 1757 2768 ditioni

121 2812 198 2840 sue
231 2800 497 2852 subiugatis,
544 2800 674 2840 cuius
713 2803 865 2839 tamen
907 2812 1056 2839 mores
1089 2799 1315 2839 immensa
1348 2799 1563 2839 uarietate
1596 2799 1759 2839 discre-

120 2871 302 2923 pabant,
332 2873 388 2912 ad
412 2871 688 2912 uniformem
716 2871 958 2912 castrensis
982 2871 1221 2924 discipline
1246 2875 1449 2911 tenorem
1477 2871 1755 2910 seruandum

55 2953 96 2984 30
123 2943 386 2995 adigeretur.
450 2943 574 2983 Nihil
612 2943 778 2984 etenim
818 2944 1034 2983 honestos
1072 2942 1408 2983 commilitones
1441 2943 1585 2994 magis
1617 2943 1756 2993 decet,

120 3027 256 3068 quam
298 3019 359 3062 ut,
406 3015 532 3056 omni
572 3016 882 3056 controuersia
926 3015 1086 3068 sopita,
1134 3014 1213 3055 uni
1244 3014 1448 3063 domino,
1494 3014 1753 3054 adinuicem

203 3131 264 3166 Ad
295 3131 335 3168 S.
397 3133 459 3169 29.
492 3133 716 3168 castrensis
743 3132 976 3178 disciplinae
1002 3135 1190 3167 tenorem
1214 3146 1258 3161 z
1279 3131 1385 3167 Saxo
1414 3142 1452 3176 ρ.
1485 3131 1575 3172 526,
1599 3132 1629 3166 1.
