2150 3584
313 1562 353 1592 10

316 1921 356 1952 15

316 2285 359 2315 20

321 2644 362 2674 25

369 211 421 250 72
714 219 986 248 SCRIPTORES
1019 219 1247 248 HISTORIAE
1279 219 1454 247 DANICAE
1486 217 1683 245 MINORES

1167 332 1224 390 X

457 441 655 482 Omnem
682 439 834 492 itaque
861 439 1171 479 controuersie
1198 437 1465 490 scrupulum
1493 436 1775 490 antiquitatis
1808 439 2014 486 satagens

372 511 604 553 eliminare
629 511 811 552 solertia
843 497 1000 564 <quam
1036 510 1284 550 maoeimam
1312 509 1522 562 impendit
1544 494 1757 562 operam),
1790 511 2015 561 quatenus

371 589 500 636 totos,
546 583 755 624 unanimi
802 583 971 637 quibus
1015 583 1249 635 pugnandi
1296 582 1479 621 animus
1526 581 1732 621 estuabat
1776 579 2015 630 desiderio,

373 658 567 697 fraterne
599 657 799 710 quadam
833 654 1089 696 dilectionis
1121 665 1340 707 compage
1376 653 1536 694 uniret.

1098 923 1219 963 CAP.
1255 923 1304 962 V.

472 1155 737 1232 Riscorum
765 1189 934 1243 quippe
967 1189 1224 1240 curialium,
1257 1189 1335 1243 qui
1360 1192 1401 1229 et
1428 1202 1548 1229 nunc
1573 1188 1757 1229 militari
1780 1191 2021 1228 censentur

378 1263 578 1314 nomine,
605 1263 689 1302 hec
717 1262 898 1314 uigebat
922 1262 1221 1311 consuetudo,
1248 1265 1296 1301 ut
1320 1261 1493 1315 absque
1511 1261 1747 1313 armigeris
1772 1264 1812 1300 et
1836 1260 2021 1300 famulis

378 1336 548 1376 alterna
584 1334 669 1374 sibi
703 1337 956 1386 prestarent
987 1333 1206 1386 obsequia
1248 1337 1289 1373 et
1320 1333 1523 1373 uicissim
1558 1332 1644 1373 sibi
1676 1333 2019 1373 famularentur.

379 1408 507 1448 Vnde
540 1406 885 1455 constituerunt,
918 1410 979 1457 ut,
1013 1405 1049 1446 si
1082 1405 1184 1459 quis
1217 1405 1387 1446 sodalis
1412 1405 1482 1445 sui
1510 1418 1678 1459 equum
1705 1418 1809 1445 cum
1836 1404 2021 1458 proprio

379 1480 643 1534 adaquaret,
675 1478 868 1517 alterum
901 1479 1067 1529 eundo,
1100 1478 1293 1518 alterum
1328 1478 1551 1531 equitaret
1581 1477 1829 1517 redeundo.
1887 1477 2021 1527 Quod

381 1552 417 1592 si
449 1552 562 1592 forte
594 1551 743 1591 alieno
776 1549 968 1603 caballo,
999 1550 1208 1602 runcino,
1242 1550 1478 1603 palefrido,
1516 1549 1742 1590 dextrario
1776 1550 2023 1589 subuectus

380 1623 710 1676 adaquandum
750 1607 924 1674 (suum)
966 1621 1173 1674 minaret,
1220 1625 1261 1662 et
1300 1620 1532 1674 parcitatis
1578 1623 1796 1661 attractus
1843 1619 2024 1660 macula

381 1695 532 1736 itidem
566 1694 813 1748 equitando
846 1694 1024 1746 rediret,
1062 1697 1254 1747 essetque
1287 1706 1423 1746 super
1455 1693 1614 1733 eodem
1648 1691 2024 1745 preuaricationis

380 1772 446 1808 ter
478 1771 733 1808 conuentus
766 1779 954 1806 excessu
986 1766 1187 1819 binoque
1227 1765 1597 1806 commilitonum
1637 1765 1877 1805 conuictus
1907 1764 2025 1805 testi-

383 1840 552 1889 monio,
601 1826 712 1893 <uno
750 1825 948 1893 homine>
987 1838 1159 1892 placuit
1196 1852 1301 1878 eum
1340 1838 1386 1877 in
1427 1838 1645 1878 cenaculo
1685 1837 1880 1878 exterius
1921 1836 2025 1877 resi-

383 1914 500 1953 dere.
564 1912 704 1952 Moris
751 1911 920 1966 quippe
967 1911 1064 1963 fuit,
1111 1915 1160 1951 ut
1208 1911 1279 1951 uel
1319 1911 1574 1951 secundum
1622 1909 1803 1949 uirtutis
1847 1908 2024 1948 titulum

384 1985 457 2025 uel
487 1984 707 2037 temporis
731 1983 1010 2036 prioritatem
1038 1984 1112 2023 uel
1134 1983 1385 2023 nobilitatis
1410 1982 1701 2023 excelsiorem
1728 1981 2025 2035 propaginem

384 2057 495 2098 locis
528 2056 614 2096 sibi
643 2056 809 2096 milites
840 2056 1090 2096 residerent
1121 2055 1375 2107 assignatis,
1408 2058 1458 2094 ut
1480 2068 1562 2107 pro
1587 2053 1795 2107 portione
1820 2053 2027 2107 pociores

386 2133 426 2169 et
458 2129 632 2182 priores
664 2128 762 2168 loca
803 2132 1090 2180 capesserent
1129 2127 1358 2180 digniora3
1406 2127 1527 2166 unde
1566 2126 1719 2180 liquet,
1767 2129 1816 2166 ut
1854 2125 2027 2178 absque

385 2200 674 2242 contumeliis
702 2204 744 2239 et
766 2200 946 2253 probris
973 2213 997 2240 a
1023 2201 1123 2241 loco
1149 2213 1285 2240 nemo
1318 2203 1433 2240 esset
1464 2198 1806 2239 transferendus
1831 2201 2025 2237 assueto.

388 2273 490 2313 Pari
517 2272 674 2313 incidit
696 2271 872 2324 iuditio,
905 2272 942 2312 si
969 2273 1072 2326 quis
1097 2285 1267 2326 equum
1298 2284 1434 2312 suum
1467 2283 1571 2310 cum
1605 2270 1775 2310 sodalis
1808 2269 1879 2310 sui
1911 2270 2029 2322 pale-

386 2345 504 2386 frido
530 2345 794 2398 pabulando
821 2357 904 2385 suo
928 2349 994 2385 ter
1020 2357 1136 2398 equo
1162 2344 1323 2384 aristas
1348 2342 1609 2397 porrexerit,
1634 2346 1676 2383 et
1700 2355 1836 2395 super
1853 2342 1954 2393 hoc,
1981 2345 2030 2381 ut

388 2416 607 2471 superius,
639 2417 838 2456 duorum
870 2416 1110 2456 conuictus
1139 2416 1413 2457 testimonio.
1463 2415 1623 2455 Eidem
1651 2414 1784 2454 etiam
1811 2413 2029 2454 sententie

389 2489 622 2529 subiacere
664 2489 966 2528 decreuerunt
1007 2487 1193 2528 militem
1227 2501 1346 2538 eum,
1394 2487 1429 2528 si
1470 2487 1571 2541 quis
1610 2499 1751 2540 equos
1790 2485 2030 2539 adaquarit

389 2566 430 2602 et
468 2565 625 2601 contra
669 2560 873 2600 fluminis
912 2560 1133 2612 gurgitem
1180 2561 1432 2600 ascendens
1479 2559 1716 2612 lympham
1763 2557 2029 2608 turbauerit,

390 2633 449 2673 ita
481 2636 530 2672 ut
561 2618 689 2686 <nisi>
721 2632 1033 2671 turbulentam
1067 2632 1143 2672 alii
1176 2636 1331 2684 potare
1367 2630 1667 2684 nequiuerint,
1708 2629 1934 2684 similique
1964 2632 2030 2669 ter

390 2706 509 2745 idem
544 2704 702 2744 fecisse
735 2704 995 2744 testimonio
1029 2704 1289 2744 constiterit.
1351 2702 1497 2744 Simili
1527 2702 1744 2743 sententie
1778 2701 2028 2749 subiecere3

392 2777 586 2817 similem
629 2789 827 2830 namque
862 2777 1044 2828 culpam
1079 2789 1159 2828 par
1193 2789 1308 2829 pena
1341 2776 1661 2827 condempnat.
1723 2773 1945 2826 Amplius,
1993 2772 2029 2813 si

480 2895 514 2930 3.
545 2897 657 2929 totus
689 2891 813 2941 (totos
836 2908 879 2924 z
903 2891 1074 2941 omnes).
1157 2894 1192 2928 5.
1229 2903 1304 2927 nec
1343 2891 1438 2937 <pro
1479 2890 1555 2939 iic).
1641 2891 1675 2926 8.
1708 2890 1874 2926 socialis
1907 2900 2029 2925 suum

392 2963 424 2987 e.
466 2962 498 2987 e.
549 2951 719 2997 populo.
808 2951 867 2986 12.
919 2950 1015 2985 inde
1055 2949 1151 2998 (pro
1191 2948 1314 2997 itide).
1398 2949 1605 2984 redierent
1642 2946 1739 2996 (pro
1778 2947 1916 2996 redirg
1954 2943 2032 2994 e‘et)

393 3019 486 3054 quae
519 3018 646 3054 super
678 3018 709 3043 e.
742 3007 1044 3053 1)raeuaricatus
1075 3005 1171 3054 (pro
1203 3003 1324 3053 tols).
1420 3007 1478 3041 14.
1510 3005 1657 3040 aenado
1699 3004 1795 3052 (pro
1828 3001 2030 3050 cenacto).

400 3066 458 3104 15.
493 3065 671 3100 aculum.
737 3065 798 3099 16.
833 3064 926 3099 nob.
960 3074 1130 3099 excessu
1157 3066 1196 3098 et
1227 3063 1466 3110 propagine.
1534 3063 1592 3097 17.
1624 3062 1669 3096 si.
1736 3063 1906 3107 vtppote
1936 3058 2032 3107 (pro
