2150 3584
558 217 852 247 COMPENDWM
887 219 1084 250 sAxoms.
1134 222 1216 251 Lm.
1251 222 1344 251 x1111
1690 214 1772 254 405

125 331 368 373 dominum
416 343 597 383 eorum,
652 333 899 385 occiderat,
958 339 1136 376 austere
1182 342 1462 390 receperunt.
1556 340 1771 390 Fugiente

125 407 275 444 autem
317 416 370 444 eo
409 403 456 444 in
496 404 665 452 aulam,
713 405 904 447 insecuti
943 411 1049 448 sunt
1089 409 1225 460 ciues,
1270 410 1564 464 primumque
1607 412 1772 452 milites

123 484 275 528 regem
307 475 615 529 defendentes,
648 482 804 531 postea
837 479 989 532 ipsum
1023 492 1172 532 regem
1207 482 1483 523 occiderunt.

582 692 660 732 EX
694 693 804 734 LIB.
839 694 983 736 XIIII.
1047 694 1314 737 SAXONIS.

208 798 239 840 Ι.
296 763 530 841 Ericus
555 803 708 840 autem
733 800 905 841 interea
931 813 1036 842 cum
1062 802 1206 842 classe
1231 803 1277 843 in
1295 802 1478 844 «luciam
1504 817 1768 858 properans,

121 883 226 911 cum
267 871 324 911 ad
365 870 566 912 insulam
607 872 705 913 Sira
745 873 1041 927 peruenisset,
1089 875 1310 916 nuncium
1360 877 1414 916 de
1462 881 1606 917 morte
1653 878 1769 930 regis

120 943 306 996 accepit.
370 943 512 984 Erant
550 948 704 986 autem
747 958 853 986 cum
887 959 939 987 eo
971 947 1063 988 duo
1096 947 1173 1000 filij
1212 948 1399 988 Haraldi
1434 949 1643 1001 maiores,
1691 951 1768 1004 qui

118 1015 275 1056 relicto
330 1019 455 1069 patre
502 1017 542 1057 ei
588 1017 782 1059 fideliter
827 1019 1132 1069 adherebant3
1190 1021 1267 1060 sed
1322 1021 1561 1073 agentibus
1615 1022 1766 1063 forsan

119 1088 331 1140 malignis
370 1089 533 1130 ambos
571 1094 727 1143 postea
759 1091 865 1132 fecit
895 1092 1028 1145 aquis
1061 1092 1289 1134 suffocari.
1354 1094 1583 1134 Harahius
1624 1095 1766 1135 eciam

117 1159 163 1200 in
196 1160 377 1201 Juciam
412 1162 599 1202 veniens
631 1163 679 1203 in
712 1163 880 1216 placito
909 1164 1106 1205 Vrnensi
1137 1178 1215 1205 rex
1247 1169 1314 1205 est
1346 1166 1615 1207 declaratus.
1665 1167 1767 1217 Quo

118 1237 352 1287 comperto
385 1234 562 1285 Ericus,
609 1235 728 1276 clam
759 1237 963 1289 veniens,
1009 1241 1149 1277 noctu
1192 1238 1313 1291 apud
1350 1238 1599 1292 Skipthorp
1632 1252 1769 1292 super

119 1304 375 1346 Haraldum
412 1306 555 1357 venit;
599 1321 737 1361 quem
777 1308 981 1350 diluculo
1015 1322 1121 1350 cum
1153 1310 1350 1351 residuis
1382 1311 1488 1351 filiis
1520 1298 1767 1365 <conclaui>

117 1381 369 1419 extractum
401 1379 575 1434 absque
606 1385 814 1434 respectu
847 1381 1140 1423 fraternitatis
1172 1384 1388 1424 decollari
1420 1383 1535 1424 fecit.
1590 1383 1766 1425 Olauus

118 1454 272 1492 autem
319 1452 444 1493 solus
491 1453 546 1493 de
593 1452 700 1494 filiis
750 1454 939 1495 Haraldi
986 1454 1033 1495 in
1080 1459 1202 1496 veste
1248 1455 1461 1496 muliebri
1509 1457 1665 1497 euasit.
1714 1480 1767 1484 ——

117 1523 293 1564 Accidit
337 1529 512 1578 autem,
566 1531 613 1568 vt
660 1526 784 1568 Slaui
831 1527 1023 1568 Daciam
1070 1528 1355 1579 infestarent3
1414 1516 1586 1583 <contra
1636 1516 1766 1583 quos>

118 1596 280 1637 Ericus
318 1602 551 1639 contracta
593 1599 737 1640 classe
777 1599 955 1652 primus
1002 1613 1144 1654 equos
1190 1601 1355 1642 adiecit
1400 1603 1599 1642 nauibus
1647 1602 1765 1643 defe-

117 1670 296 1722 rendos„
329 1670 407 1724 qui
431 1672 599 1712 modus
624 1672 778 1713 adhuc
811 1676 1038 1724 seruatur,
1072 1673 1272 1714 habebat
1303 1677 1456 1714 autem
1483 1687 1581 1715 .M.c.
1609 1688 1763 1725 naues,

116 1754 313 1795 quarum
353 1744 553 1797 quelibet
592 1748 740 1797 preter
778 1745 991 1786 homines
1033 1749 1230 1799 quatuor
1270 1759 1413 1800 equos
1450 1747 1763 1788 transferebat.

115 1814 313 1856 Veniens
338 1821 491 1857 autem
517 1817 563 1857 in
585 1817 777 1869 Rugiam
804 1831 905 1859 eam
933 1818 1196 1871 subiugauit
1222 1823 1264 1859 et
1295 1819 1350 1859 ad
1385 1819 1762 1860 christianitatem

115 1887 272 1941 coegit,
319 1889 563 1944 posuitque
608 1889 674 1931 ibi
715 1890 977 1943 antistitem,
1025 1891 1100 1945 qui
1143 1891 1190 1931 in
1230 1891 1320 1932 fide
1361 1892 1585 1945 populum
1628 1892 1763 1933 infor-

115 1964 279 2011 maret3
327 1963 406 2002 sed
446 1962 580 2003 Erico
621 1975 804 2003 reuerso
847 1963 893 2003 in
937 1964 1127 2004 Daciam
1170 1963 1363 2016 Rugiani
1411 1976 1515 2004 curn
1563 1965 1761 2005 antistite

114 2031 253 2073 fidem
286 2034 555 2076 reiecerunt.

200 2105 254 2146 II.
318 2107 384 2148 Eo
421 2111 627 2161 tempore
660 2108 814 2149 Norici
846 2120 997 2161 regem
1030 2122 1166 2149 suum
1202 2110 1418 2162 Magnum
1452 2122 1611 2162 cogere
1644 2110 1761 2150 vole-

113 2176 237 2230 bant,
283 2183 328 2219 vt
361 2180 546 2220 cuidam
580 2181 797 2226 Haraldo,
844 2194 869 2221 a
901 2182 1104 2234 quodam
1136 2192 1239 2234 rege
1272 2182 1439 2223 Norico
1472 2186 1584 2234 orto,
1629 2182 1761 2222 dimi-

113 2249 242 2291 dium
280 2252 406 2304 regni
447 2253 586 2294 daret.
650 2254 736 2294 Iste
782 2254 1025 2306 Haraldus,
1072 2254 1118 2294 in
1162 2254 1397 2307 Hybernia
1443 2258 1590 2307 natus,
1639 2254 1760 2295 venit

112 2321 158 2362 in
199 2324 501 2378 Norwegiam,
548 2326 704 2366 dicens
752 2339 797 2366 se
845 2330 996 2367 ortum
1045 2339 1069 2366 a
1117 2327 1319 2379 quodam
1367 2338 1466 2378 rege
1508 2327 1757 2379 Norwegie,

114 2395 345 2448 Hybernie
377 2402 614 2439 vastatore.
664 2398 842 2439 Noricis
874 2398 1184 2451 querentibus,
1217 2398 1253 2438 si
1285 2399 1417 2439 vellet
1446 2399 1583 2439 fidem
1612 2399 1758 2439 facere

199 2507 233 2543 4.
265 2506 478 2554 Inscriptio
519 2508 559 2544 in
591 2508 642 2544 A:
690 2508 749 2544 De
788 2508 895 2554 Rege
928 2509 1063 2553 Erico,
1109 2511 1146 2544 et
1184 2509 1225 2544 in
1264 2519 1413 2555 marga
1460 2519 1582 2544 xcvn.
1618 2509 1758 2544 Eriick

112 2563 268 2599 emund
300 2564 440 2601 Eriick
471 2566 639 2613 eiegodz
674 2566 753 2601 son.
815 2566 850 2601 5.
883 2571 932 2602 cfi
958 2565 1044 2611 VS;
1077 2567 1196 2609 01(:):
1229 2566 1359 2610 omni)
1383 2566 1427 2602 Α,
1491 2567 1526 2601 9.
1559 2565 1756 2601 suffocari

111 2621 233 2666 aquis
266 2621 306 2658 S.
372 2623 432 2659 10.
465 2622 642 2659 Vrnensi
675 2622 764 2667 vA3
801 2622 1000 2668 burgensi
1033 2622 1073 2667 S,
1104 2623 1172 2658 sed
1202 2633 1304 2658 corr.
1338 2622 1378 2658 ῐη
1410 2623 1663 2668 wiburgensi
1698 2621 1757 2658 82.

114 2677 175 2712 11.
210 2679 414 2726 scythorp,
447 2681 489 2716 ut
521 2680 612 2724 vid„
640 2679 680 2715 S.
745 2679 807 2716 12.
839 2679 1032 2715 conclaui
1063 2679 1204 2715 addidi
1228 2690 1277 2715 ex
1292 2678 1462 2715 Saxone.
1531 2681 1589 2715 14.
1623 2681 1756 2715 euasit

110 2744 187 2770 om.
206 2734 246 2770 S.
310 2736 370 2773 15.
398 2740 441 2773 vt
465 2737 549 2783 As,
581 2747 659 2772 om.
676 2736 710 2772 V
738 2736 867 2782 (quod
892 2736 984 2773 add.
1004 2736 1244 2782 Lanyebelc).
1313 2740 1458 2773 contra
1485 2747 1592 2783 quos
1618 2736 1759 2772 addidi

111 2790 251 2835 (Sama
284 2797 500 2830 eontracta
523 2795 750 2830 aduersum
770 2793 942 2839 Rugiam
972 2794 1128 2838 classe).
1192 2794 1356 2830 19—20.
1383 2794 1434 2830 ad
1460 2794 1546 2829 chr.
1565 2794 1754 2829 conuerti

111 2849 244 2895 coegit
275 2850 314 2887 S.
404 2852 468 2887 25.
502 2852 581 2887 Iste
616 2850 825 2886 Haraldus
857 2852 945 2886 etc:
991 2850 1077 2886 hoec
1107 2850 1214 2886 Saxo
1254 2850 1294 2886 in
1328 2850 1430 2886 libro
1462 2850 1555 2885 XIII
1591 2851 1644 2896 (p.
1677 2850 1755 2885 652

110 2904 168 2941 ed.
212 2905 372 2953 Mttller)
412 2908 615 2952 narrauit,
662 2907 731 2943 sed
775 2907 1019 2953 epitomator
1061 2918 1105 2943 ea
1152 2907 1220 2943 illo
1261 2908 1346 2944 Ioco
1388 2907 1588 2950 omiserat,
1637 2909 1756 2953 atque

110 2962 230 2998 etiam
262 2963 328 3000 hic
359 2965 401 3001 in
433 2965 535 3002 libro
567 2964 680 3000 XIIII
714 2974 776 3000 res
811 2964 953 3010 paullo
995 2964 1112 3001 aliter
1141 2966 1259 3010 atque
1288 2964 1396 3000 Saxo
1427 2964 1635 3000 ordinauit
1666 2963 1752 3009 (cfr.

109 3017 217 3055 Saxo
245 3031 286 3066 ρ.
313 3022 391 3058 659
413 3025 500 3069 sq).
574 3022 748 3069 ybernia
780 3022 860 3066 (27.
892 3021 1079 3066 ybernie)
1114 3022 1158 3057 Α.
1237 3026 1358 3058 natus
1389 3022 1581 3057 omiserat
1611 3021 1656 3065 V,
1687 3021 1755 3056 sed

110 3075 201 3113 add.
235 3077 276 3113 in
307 3089 438 3126 maz-9.
473 3080 612 3116 eadem
645 3088 805 3114 manus,
868 3078 933 3114 27.
967 3079 1181 3126 vastatore
1211 3081 1274 3124 (=
1296 3080 1385 3124 -ris)
1418 3079 1456 3114 S.

1504 3145 1547 3176 27

177 3157 279 3188 Script.
302 3159 366 3184 hist.
388 3160 458 3183 Dan.
480 3159 606 3183 minores

1796 1177 1836 1207 10

1795 1541 1834 1571 15

1790 1903 1831 1933 20

1785 2265 1827 2296 25
