2150 3584
251 199 469 229 SVENONIS
501 198 692 228 AGGONIS
726 198 828 227 FlLll
863 198 1020 227 BREVlS
1053 197 1264 227 HISTORIA
1300 199 1449 227 REGVM
1485 199 1616 226 [meur]
1708 188 1760 227 97

918 311 956 372 S

117 420 248 476 gestis
275 420 504 462 modicam
530 420 803 474 impendens
828 431 1030 472 operam,
1061 431 1177 472 quos
1202 418 1324 459 fama
1351 418 1546 471 gloriosa
1575 419 1768 460 circum-

116 494 278 535 uolans
304 493 497 546 preterit.
548 493 678 541 Nam,
705 496 840 545 prout
864 491 1126 544 agrestium,
1159 491 1217 530 ita
1247 495 1287 531 et
1314 491 1573 544 principum
1603 495 1763 532 natura

117 565 377 608 communis
423 569 488 606 est
534 565 759 612 omnium,
807 568 856 604 ut
901 565 1026 604 hunc
1073 563 1294 603 uirtutum
1344 563 1547 604 stimulet
1593 564 1765 615 titulus,

117 639 245 680 illum
277 637 448 679 desidie
474 637 677 689 denigret
700 636 941 690 cupiditas,
974 635 1049 676 hic
1071 634 1385 687 generositatis
1411 635 1566 675 titulos
1592 640 1763 687 satagat

71 718 90 749 5
117 722 387 766 propagare,
448 710 521 750 ille
577 710 772 762 gloriose
828 708 978 749 laudis
1032 707 1389 748 diminutionem
1449 707 1765 761 floccipendat.

117 784 250 824 Illum
297 793 401 835 ergo
449 786 602 823 nostra
650 782 852 835 primum
901 784 1071 821 retexat
1114 779 1274 831 oratio,
1321 792 1457 833 quem
1507 780 1765 833 priscorum

116 855 350 897 annositas
382 854 476 907 iugi
507 854 709 908 primum
743 852 1088 894 commendauit
1120 852 1355 893 memorie.

846 1049 970 1090 CAP.
1006 1048 1036 1088 I.

209 1122 465 1202 SKJOLD
497 1156 639 1197 Danis
666 1156 869 1210 primum
901 1155 1042 1196 didici
1073 1154 1309 1208 prefuisse.
1359 1154 1415 1195 Et
1446 1158 1495 1195 ut
1527 1154 1624 1195 eius
1656 1155 1765 1195 allu-

115 1233 279 1272 damus
302 1230 545 1282 uocabulo,
567 1228 737 1269 idcirco
760 1228 839 1269 tali
861 1228 1045 1269 functus
1068 1231 1134 1268 est
1162 1226 1363 1279 nomine,
1389 1227 1496 1280 quia
1524 1227 1765 1268 uniuersos

50 1307 90 1339 10
114 1303 240 1356 regni
291 1302 513 1344 terminos
568 1301 686 1354 regie
742 1300 1022 1342 defensionis
1069 1299 1324 1353 patrocinio
1371 1299 1545 1340 affatim
1594 1300 1765 1352 egregie

114 1375 337 1416 tuebatur.
399 1376 433 1415 A
481 1387 572 1428 quo
620 1373 820 1427 primum
871 1373 1021 1414 modis
1068 1372 1414 1413 Islandensibus
1461 1371 1766 1424 Skioldunger

115 1452 221 1489 sunt
264 1459 390 1500 reges
436 1446 703 1500 nuncupati.
781 1445 871 1496 Qui
917 1445 1044 1498 regni
1090 1449 1193 1498 post
1239 1457 1286 1484 se
1332 1444 1515 1498 reliquit
1561 1445 1764 1496 heredes,

117 1520 273 1561 Frothi
316 1519 527 1560 uidelicet
565 1523 606 1559 et
640 1519 917 1559 Haldanum.
981 1518 1204 1559 Successu
1242 1520 1502 1570 temporum
1547 1517 1764 1557 fratribus

114 1605 249 1646 super
293 1592 418 1644 regni
457 1591 709 1632 ambitione
754 1590 871 1631 inter
912 1603 958 1631 se
1000 1589 1353 1641 decertantibus,
1402 1589 1583 1629 Haldan
1628 1589 1763 1630 fratre

50 1670 89 1702 15
116 1678 197 1706 suo
229 1665 502 1718 interempto
530 1664 653 1717 regni
681 1663 1000 1704 monarchiam
1027 1662 1236 1704 obtinuit.
1289 1661 1374 1702 Hic
1398 1661 1560 1713 filium,
1594 1662 1763 1703 scilicet

117 1737 292 1790 Helghi,
338 1736 463 1790 regni
503 1735 762 1790 procreauit
802 1736 1039 1786 heredem3
1087 1734 1165 1789 qui
1198 1734 1256 1775 ob
1290 1734 1505 1775 eximiam
1539 1733 1761 1775 uirtutum

115 1810 427 1851 strenuitatem
474 1804 727 1862 pyraticam
776 1821 955 1861 semper
1002 1807 1213 1849 exercuit.
1291 1806 1381 1858 Qui
1428 1819 1533 1847 cum
1583 1806 1762 1847 uniuer-

115 1895 271 1923 sorum
331 1880 755 1923 circumiacentium
815 1892 1061 1933 regnorum
1123 1880 1238 1920 fines
1300 1878 1556 1919 maritimos
1619 1879 1762 1919 classe

115 1954 317 2008 pyratica
348 1953 654 2007 depopulatus
686 1966 770 1994 suo
804 1953 1092 2006 subiugasset
1121 1951 1330 2006 imperio,
1375 1955 1466 1992 ‘rex
1504 1951 1655 1991 maris’
1696 1955 1761 1991 est

49 2034 90 2066 20
116 2027 478 2080 cognominatus.
571 2025 690 2066 Huic
743 2026 791 2066 in
836 2037 975 2078 regno
1023 2024 1242 2066 successit
1286 2024 1409 2064 filius
1457 2023 1564 2064 Rolf
1607 2023 1760 2073 Kraki,

115 2099 258 2153 patria
290 2099 456 2140 uirtute
485 2098 676 2151 pollens,
701 2098 880 2139 occisus
903 2098 950 2138 in
969 2098 1156 2147 Lethra;
1189 2109 1277 2151 que
1308 2100 1418 2136 tunc
1451 2095 1760 2136 famosissima

115 2171 228 2225 regis
259 2172 402 2213 extitit
430 2170 570 2221 curia,
603 2183 728 2211 nunc
753 2174 907 2211 autem
932 2169 1222 2210 Roskildensi
1254 2168 1407 2209 uicina
1440 2167 1611 2208 ciuitati
1645 2167 1761 2208 inter

115 2243 421 2284 abiectissima
462 2243 603 2284 ferme
649 2243 727 2283 uix
773 2242 937 2283 colitur
978 2241 1160 2295 oppida.
1226 2242 1333 2281 Post
1373 2252 1508 2294 quem
1551 2239 1760 2292 regnauit

115 2315 236 2356 filius
260 2316 357 2356 eius
376 2315 522 2368 Rokil,
555 2318 859 2367 cognomento
885 2315 1034 2355 dictus
1053 2313 1383 2365 Slaghenback.
1433 2311 1516 2354 Cui
1543 2312 1761 2352 successit

49 2396 90 2428 25
115 2387 161 2428 in
184 2399 322 2441 regno
347 2388 490 2439 heres,
519 2387 730 2439 agilitatis
755 2386 1018 2427 strenuitate
1042 2385 1407 2438 cognominatus,
1439 2396 1575 2438 quem
1603 2388 1758 2424 nostro

117 2460 294 2513 uulgari
327 2460 486 2501 Frothi
517 2460 597 2500 hin
631 2459 803 2500 Frokni
835 2458 1152 2499 nominabant.

830 2725 952 2766 CAP.
990 2725 1043 2764 II.

214 2799 393 2876 Huius
432 2833 555 2873 filius
587 2837 629 2874 et
658 2834 790 2874 heres
820 2831 945 2884 regni
978 2829 1121 2870 extitit
1151 2829 1478 2875 Wermundus,
1528 2828 1606 2882 qui
1645 2828 1757 2868 adeo

118 2906 354 2958 prudentie
386 2906 586 2960 pollebat
618 2905 797 2955 uirtute,
830 2908 878 2944 ut
906 2903 1012 2943 inde
1037 2915 1205 2942 nomen
1231 2904 1604 2955 consequeretur3
1638 2900 1758 2940 unde

118 3009 234 3036 sensu
254 2998 486 3049 Lucretius).
553 3000 614 3037 13.
641 2999 823 3036 Schiold.
889 2998 951 3033 14.
977 3007 1115 3044 super.
1175 2998 1237 3033 16.
1266 2996 1483 3042 Heldaghi.
1547 2995 1609 3031 17.
1636 3005 1759 3040 pyra-

120 3057 215 3094 tam.
294 3058 356 3094 18.
391 3057 528 3094 excuit
557 3055 653 3106 (pro
684 3052 869 3103 extcuit).

1533 3120 1550 3150 7

185 3137 286 3166 script.
307 3138 372 3162 hist.
393 3137 464 3161 Dan.
484 3137 609 3160 minores
