2150 3584
333 1015 375 1046 10

334 1377 375 1408 15

334 1742 376 1773 20

335 2105 377 2136 25

404 228 486 268 366
745 236 1020 266 scmPToREs
1053 235 1280 264 HisromAE
1312 234 1489 263 DANICAE
1521 234 1720 263 MINORES

404 353 610 404 intrasse,
657 352 714 392 ad
746 350 946 392 vicinam
978 349 1179 390 insulam
1212 348 1519 402 applicabant,
1566 360 1631 400 ac,
1677 351 1724 388 vt
1762 347 1932 389 sorcius
1974 361 2051 389 eos

405 428 590 479 possent
627 423 861 476 inuadere,
908 436 1043 476 super
1088 421 1413 463 intermedium
1459 421 1717 461 insularum
1763 425 1950 474 pontem
1998 434 2052 462 ex

401 497 535 550 lignis
568 496 901 550 compaginatis
934 495 1080 536 facere
1113 495 1387 535 nitebantur.
1450 495 1553 545 Quo
1585 493 1676 534 fere
1708 493 1921 547 perfecto,
1948 493 2051 534 Vlfo

402 583 507 611 cum
534 569 670 610 sociis
698 568 896 609 occurrit
922 567 1054 622 quasi
1070 567 1314 607 transitum
1334 565 1671 620 prohibiturus,
1704 567 1826 620 quod
1847 566 2052 608 videntes

403 642 522 683 Dani
562 655 698 695 super
737 645 924 694 pontem
965 644 1122 680 contra
1165 652 1243 679 eos
1280 639 1327 679 in
1369 638 1511 679 nimia
1544 638 1837 679 multitudine
1868 651 2052 692 procur-

401 718 570 766 rerunt,
602 714 663 754 ita
697 717 744 755 vt
775 727 892 767 pons
924 713 1266 764 dissolueretur,
1299 715 1339 752 et
1370 710 1458 764 ipsi
1490 711 1537 751 in
1569 710 1852 764 profundum
1885 721 2052 762 merge-

401 791 569 827 rentur.
659 786 839 837 Quibus
887 784 1138 826 submersis
1185 784 1309 833 Vlfo,
1356 783 1521 824 timens
1569 784 1821 823 aduentum
1869 782 2052 834 Kanuti,

402 859 604 900 dimissis
644 858 845 899 nauibus
884 872 963 912 per
994 858 1184 898 latentes
1216 856 1314 899 vias
1347 869 1452 896 cum
1486 855 1621 897 sociis
1652 855 1699 896 in
1733 854 1955 896 Sweciam
1987 859 2053 895 est

402 945 624 972 reuersus.
688 932 897 972 Kanutus
936 931 1008 971 die
1052 929 1258 985 sequenti
1300 928 1630 982 superueniens
1669 941 1812 969 naues
1849 927 2052 969 hostium

400 1017 570 1046 vacuas
609 1003 806 1054 inuenit,
854 1004 1010 1044 Danos
1051 1016 1158 1043 vero
1198 1002 1254 1042 de
1294 1001 1525 1055 profundo
1566 1005 1790 1042 extractos
1821 1001 2051 1054 sepulture

402 1076 655 1118 mandauit.
705 1076 906 1117 Olauum
925 1088 1048 1128 vero,
1066 1086 1218 1127 regem
1238 1074 1490 1127 Norwegie,
1516 1087 1596 1127 per
1612 1074 1840 1128 quosdam
1860 1072 2052 1114 Noricos

401 1149 597 1204 pecunia
636 1153 877 1202 corruptos
920 1148 1066 1189 occidi
1107 1147 1154 1187 in
1194 1151 1313 1188 terra
1345 1146 1530 1200 propria
1570 1146 1847 1200 procurauit.
1910 1135 2052 1187 Cuius

401 1223 538 1263 frater
572 1222 816 1274 Haraldus,
858 1220 1146 1262 consimilem
1182 1219 1458 1260 Noricorum
1499 1219 1742 1273 perfidiam
1781 1219 1963 1271 timens,
2005 1217 2052 1258 in

403 1294 670 1336 Bizancium
704 1294 817 1346 fugit
847 1294 1078 1348 longoque
1110 1293 1244 1334 exilio
1278 1291 1474 1346 patriam
1507 1292 1768 1333 declinauit.

487 1368 602 1409 XIV.
653 1368 863 1408 Kanutus
888 1371 1056 1419 autem,
1084 1367 1260 1407 habens
1288 1377 1425 1418 regna
1451 1365 1615 1418 Slauie,
1642 1350 1871 1419 <Sembie>,
1899 1364 2052 1417 Dacie,

402 1440 585 1492 Swecie,
619 1440 856 1492 Norwegie
889 1444 930 1481 et
962 1440 1134 1492 Anglie,
1167 1438 1313 1480 eciam
1341 1439 1602 1479 Romanum
1634 1437 1880 1479 illustrauit
1912 1437 2052 1491 impe-

401 1514 544 1564 rium,
577 1526 685 1553 nam
720 1513 909 1554 Hinrico
941 1511 1207 1566 imperatori
1239 1511 1384 1552 filiam
1413 1524 1545 1552 suam
1574 1511 1854 1552 Gunnildam
1887 1509 2052 1564 nuptui

402 1586 539 1639 dedit,
573 1586 862 1639 eundemque
883 1585 1137 1626 Henricum
1163 1585 1218 1625 de
1235 1583 1384 1624 Ytalia
1408 1584 1616 1636 fugatum
1644 1596 1750 1624 cum
1768 1596 1852 1624 suo
1878 1582 2049 1623 auxilio

402 1659 569 1700 honori
610 1658 803 1712 pristino
842 1658 1049 1699 restituit.
1113 1658 1223 1697 Inde
1255 1670 1468 1697 reuersus
1499 1656 1620 1697 filios
1652 1669 1761 1697 suos
1794 1655 2050 1696 Haraldum

403 1732 577 1784 Anglie,
622 1732 857 1772 Kanutum
891 1730 1044 1783 Dacie,
1086 1730 1356 1771 Swenonem
1399 1729 1636 1782 Norwegie
1675 1728 1873 1783 prefecit.
1943 1728 2052 1768 Post

403 1806 489 1846 hec
520 1804 707 1856 Estrith,
754 1817 884 1844 soror
925 1804 1036 1856 eius,
1083 1803 1138 1843 de
1179 1802 1342 1843 Vlfone
1388 1802 1536 1842 filium
1577 1802 1849 1843 Swenonem
1889 1800 2053 1841 hahuit

402 1878 647 1931 virumque
686 1876 811 1917 fratri
854 1875 1183 1918 reconciliauit.
1254 1876 1463 1915 Kanutus
1505 1879 1659 1916 autem
1698 1874 1841 1915 filiam
1882 1871 2052 1914 sororis

405 1949 674 2002 Godowino,
707 1950 959 2002 Anglorum
993 1952 1186 2001 satrape,
1217 1960 1405 1989 onrem
1440 1947 1576 2000 dedit,
1610 1961 1663 1988 ex
1692 1960 1783 2001 qua
1810 1945 2051 1997 Haraldus,

405 2024 545 2064 Biorn
583 2026 624 2063 et
656 2023 796 2063 Tosto
839 2021 977 2075 geniti
1015 2021 1286 2061 referuntur.
1360 2020 1497 2061 Cesar
1542 2024 1694 2061 autem
1737 2033 1790 2060 ex
1822 2017 2052 2060 Gunnilda

404 2096 567 2148 filium,
609 2095 797 2135 nomine
830 2095 1064 2147 Magnum,
1112 2092 1323 2146 suscepit,
1362 2106 1388 2133 a
1427 2106 1520 2147 quo
1559 2092 1807 2133 illustrium
1840 2089 2053 2132 Teutoni-

404 2182 564 2210 corum
597 2167 826 2209 successio
859 2158 1025 2208 dicitur
1051 2167 1316 2220 pullulasse.
1343 2189 1397 2194 —-
1430 2166 1497 2207 Eo
1521 2170 1726 2218 tempore
1754 2164 2053 2206 Gothscalcus

405 2242 583 2293 Slauus,
616 2253 720 2281 cum
742 2241 944 2281 Saxones
970 2243 1146 2293 patrem
1180 2238 1277 2279 eius
1306 2238 1740 2279 christianissimum
1767 2236 2053 2288 occidissent,

403 2327 486 2367 pro
518 2313 711 2355 vlcionis
744 2312 973 2353 adiutorio
1006 2311 1209 2352 dimissis
1241 2312 1498 2353 litterarum
1528 2310 1690 2352 studiis
1722 2309 1911 2350 intrauit
1941 2307 2056 2349 mili-

496 2459 526 2493 1.
566 2458 672 2494 vicia
706 2460 796 2503 (pro
836 2458 956 2502 vicia)
998 2458 1043 2501 D,
1089 2457 1157 2492 sed
1196 2458 1398 2491 mutatum
1437 2458 1495 2492 est
1530 2456 1571 2491 in
1612 2454 1780 2499 inciam.
1870 2454 1904 2489 5.
1948 2452 2052 2488 Dani

407 2526 484 2551 om.
518 2517 561 2551 A.
638 2516 783 2551 {nimia
816 2515 849 2550 V
881 2514 1142 2559 coniunctim,
1193 2516 1236 2549 ut
1264 2513 1411 2559 soepizzs
1441 2514 1548 2549 solet.
1625 2513 1659 2549 9.
1692 2511 1884 2558 sequenti
1916 2510 1982 2546 die
2015 2509 2053 2545 S.

409 2573 573 2609 10—11.
615 2572 793 2619 sepelire
841 2572 979 2608 mand.
1021 2571 1060 2607 S.
1153 2572 1214 2607 12.
1255 2571 1390 2606 occidi
1430 2570 1526 2606 feeit
1566 2570 1607 2605 in
1652 2569 1824 2616 propria
1863 2571 1973 2603 terra
2015 2567 2054 2602 S.

409 2631 469 2665 14.
500 2630 542 2665 in
571 2630 750 2676 patriam
775 2629 851 2666 AS.
916 2630 977 2665 15.
1012 2629 1176 2665 Sembie
1199 2627 1350 2673 addidi,
1385 2627 1456 2674 cfr.
1480 2639 1519 2674 p.
1546 2627 1637 2671 363,
1657 2627 1677 2663 1
1698 2637 1774 2672 sq.,·
1805 2626 1913 2662 Saxo
1945 2624 2053 2660 enim

408 2698 497 2722 eum
531 2698 600 2722 sex
634 2696 858 2732 regnorum
892 2696 1181 2733 possessorem
1215 2686 1346 2730 vocam
1378 2685 1405 2721 S
1440 2687 1574 2721 tamen
1607 2685 1647 2720 in
1679 2694 1828 2729 mara:
1861 2682 2054 2728 Quinque

409 2754 532 2790 regna
566 2745 713 2780 habuit
744 2755 815 2780 rex
848 2744 976 2779 dacie.
1043 2744 1101 2780 16.
1135 2743 1286 2778 eximio
1320 2743 1384 2778 sui
1417 2742 1578 2788 fulgore
1607 2741 1739 2777 eciam
1767 2741 1808 2776 R.
1833 2740 1856 2776 i.
1883 2740 1907 2776 i.
1936 2739 2055 2776 Saxo.

409 2802 574 2837 20—21.
616 2802 714 2838 Post
753 2802 834 2837 hoc
875 2799 1018 2849 D(V‘?).
1111 2801 1174 2836 21.
1222 2800 1369 2835 habuit
1409 2800 1645 2835 Suenonem
1687 2798 1731 2833 A.
1824 2797 1887 2833 22.
1927 2796 2054 2832 filiam

407 2859 567 2894 sororis
614 2859 746 2903 codd,
792 2869 981 2894 sororem
1022 2858 1142 2902 Saxo,
1190 2857 1304 2892 cuius
1352 2859 1501 2892 textum
1543 2855 1581 2892 Ιι.
1623 2856 1645 2891 l.
1692 2855 1772 2890 iam
1816 2854 2059 2900 epitomator-

407 2917 641 2961 corruptum
676 2915 830 2951 inuenit
861 2917 896 2951 et
926 2915 1125 2961 corriqcre
1154 2914 1329 2958 studuit;
1360 2914 1428 2949 sed
1460 2924 1565 2949 umor
1589 2911 1802 2948 Godowini
1829 2910 1911 2957 fuit
1927 2910 2051 2956 GyrIa,

407 2984 525 3008 soror
548 2973 722 3019 Vlfonis,¹
755 2973 830 3008 vid.
856 2971 965 3017 infra
988 2983 1026 3018 p.
1053 2972 1142 3017 369,
1163 2971 1224 3007 17.
1287 2971 1350 3007 26.
1375 2970 1643 3017 guthscalcus
1669 2970 1716 3014 S,
1747 2967 1987 3015 gutskalcus
2004 2966 2057 3012 V,

406 3030 645 3075 gotscalcus
677 3031 720 3066 A.
