2150 3584
326 729 345 760 5

375 199 428 238 90
718 208 992 237 SCRIPTORES
1026 208 1253 237 ffls‘romAE
1286 209 1461 237 DANICAE
1493 208 1692 237 MiNonEs

1173 322 1230 382 X

375 429 654 481 attestatione,
683 429 926 470 iuramento
942 443 1070 484 super
1093 433 1371 470 sacramenta
1396 429 1526 483 facto,
1555 428 1808 470 conuincere
1828 428 2026 483 potuerit,

375 502 493 556 quod
522 502 612 543 eius
643 506 721 542 aut
751 501 888 542 uitam
923 506 1000 542 aut
1030 516 1211 555 re9num
1240 503 1422 556 prodere
1454 502 1647 554 uoluerit,
1693 501 1831 555 capite
1872 502 2024 555 damp-

374 579 503 615 natus
542 578 579 615 et
620 588 646 614 a
686 574 884 615 societate
922 574 1102 615 militari
1141 588 1239 616 cum
1278 575 1491 628 probroso
1523 574 1865 628 nuncupationis
1898 587 2025 614 uoca-

374 649 488 699 bulo,
538 648 583 688 id
611 651 671 688 est
701 647 1020 700 Nithinysorth,
1068 647 1318 688 eliminatus
1358 646 1477 687 abire
1515 651 1708 699 coyatur.
1770 646 1846 688 Sin
1880 650 2022 687 autem

369 719 549 774 predicti
575 721 661 760 duo
689 720 1003 761 commilitones
1024 719 1314 774 proditionem
1341 719 1430 760 eius
1455 719 1648 760 attestari
1671 722 1710 759 et
1732 719 2023 760 testimonium

368 796 599 847 pretaxato
632 792 877 833 iuramento
909 793 1171 846 confirmare
1203 792 1302 833 ausi
1328 805 1416 832 non
1445 791 1618 845 fuerint,
1650 792 1889 832 secundum
1919 793 2025 845 [eyes

372 879 399 906 a
420 865 587 906 Canuto
615 865 745 906 ueteri
767 866 1073 919 promulgatas
1099 864 1251 905 diuino
1285 864 1456 915 iudicio,
1490 865 1534 905 id
1564 868 1624 904 est
1654 865 1753 904 med
1766 865 2024 918 Jarnbyrth,

373 940 452 978 aut
473 937 762 978 conuincatur
787 940 866 978 aut
887 937 1156 991 defendatur.
1207 937 1335 988 Quod
1358 936 1395 977 si
1415 936 1648 990 profuyere
1677 940 1853 977 coactus
1883 937 2024 991 fuerit,

366 1009 492 1064 prius
525 1013 668 1051 tamen
704 1009 961 1063 interr‹)9ari
991 1011 1122 1061 debet,
1167 1012 1311 1050 utrum
1345 1013 1457 1050 terra
1490 1022 1548 1049 an
1582 1008 1697 1049 mari
1725 1009 1882 1063 fuyam
1916 1009 2025 1050 arri-

307 1094 347 1125 10
370 1096 469 1137 pere
500 1083 634 1123 malit.
683 1083 730 1124 Si
761 1082 893 1136 iqitur
924 1085 1156 1123 extraneus
1187 1081 1315 1135 fuerit
1346 1085 1385 1122 et
1413 1081 1530 1122 mari
1557 1095 1599 1121 se
1627 1082 1793 1122 credere
1816 1081 2024 1136 dele9erit,

303 1458 343 1489 15

301 1823 343 1853 20

301 2184 342 2214 25

299 2546 341 2577 30

371 1154 516 1195 omnis
547 1155 896 1196 commilitonum
928 1154 1174 1208 frequentia
1208 1154 1267 1194 ad
1292 1153 1551 1208 proximum
1585 1153 1684 1194 litus
1715 1167 1813 1194 eum
1846 1154 2024 1195 comita—

373 1227 498 1280 bitur,
545 1231 584 1268 et
622 1228 810 1268 lembum
856 1226 893 1267 ei
924 1227 1160 1280 acquirant
1189 1240 1288 1267 cum
1323 1227 1416 1267 uelo
1447 1229 1485 1267 et
1513 1226 1643 1267 remis
1674 1230 1713 1267 et
1741 1226 1913 1267 haurile
1945 1240 2025 1267 uas

369 1303 407 1340 et
443 1300 623 1353 ferrum,
669 1313 768 1341 cum
810 1313 895 1353 quo
929 1299 1041 1354 i9nis
1081 1313 1135 1340 ex
1173 1299 1288 1340 silice
1328 1298 1512 1352 eliditur,
1558 1302 1598 1340 et
1637 1298 1835 1351 securim,
1880 1299 2025 1353 sicque

372 1371 515 1426 ipsum
547 1372 631 1413 sibi
658 1372 882 1427 preuidere
914 1372 1102 1413 iubeant.
1168 1372 1263 1423 Quo
1301 1371 1417 1425 facto
1460 1371 1552 1425 ipsi,
1599 1371 1637 1412 si
1678 1373 1770 1412 uelo
1802 1371 1870 1412 ille
1901 1371 2025 1412 naui-

370 1445 560 1498 9auerit,
607 1445 741 1485 donec
789 1430 892 1499 veli>
938 1448 1102 1485 ventus
1148 1443 1302 1484 sinum
1348 1443 1611 1497 impleuerit
1655 1443 2025 1498 intuentiumque

371 1518 578 1559 absentet
609 1521 810 1571 aspectu,
856 1522 900 1557 at
933 1518 969 1558 si
1003 1517 1198 1558 Fauonii
1239 1517 1371 1557 fauor
1403 1530 1494 1558 non
1530 1517 1725 1571 affuerit,
1772 1502 1854 1571 <et>
1886 1517 2024 1558 remis

371 1592 518 1631 undas
560 1591 807 1644 impulerit,
854 1591 1001 1631 donec
1042 1603 1275 1630 remorum
1324 1594 1561 1643 aspectum
1608 1590 1927 1642 absentauerit,
1974 1589 2022 1630 in

371 1663 500 1704 litore
546 1667 757 1704 tenentur
803 1663 1055 1716 prestolari.
1152 1663 1269 1703 Dum
1327 1662 1463 1714 igitur
1516 1663 1564 1702 in
1610 1663 1770 1716 pelago
1819 1666 2022 1703 semotus

371 1736 610 1787 delituerit,
651 1740 780 1776 terno
814 1735 944 1789 quasi
980 1735 1156 1776 classici
1191 1736 1401 1786 clangore
1434 1735 1738 1776 uociferantes
1770 1735 2024 1776 confedera-

369 1809 508 1849 tionis
534 1809 719 1863 antique
746 1809 847 1849 iura
872 1809 1131 1862 rumpendo
1158 1808 1330 1861 placuit
1354 1794 1482 1862 (ipsi)
1510 1808 1750 1860 resignare.
1798 1809 2023 1862 Amplius,

370 1881 406 1922 si
447 1882 493 1922 in
535 1882 632 1922 solo
675 1881 815 1922 natali
860 1881 1046 1921 extiterit
1089 1885 1130 1921 et
1169 1881 1330 1934 prefati
1371 1880 1552 1921 sceleris
1592 1884 1810 1921 attractus
1841 1881 2021 1921 macula

370 1958 677 1995 memoratum
721 1954 893 1995 crimen
935 1954 1190 2000 incurrerit,
1237 1953 1505 1993 uniuersum
1551 1953 1745 1994 militare
1778 1952 2022 2005 collegium

369 2027 426 2067 ad
474 2027 675 2067 nemoris
714 2027 985 2067 densitatem
1032 2039 1137 2067 eum
1179 2026 1387 2066 comitari
1428 2029 1606 2066 tenetur
1647 2029 1688 2066 et
1727 2025 1928 2066 nemoris
1975 2025 2021 2065 in

370 2099 516 2140 fronte
550 2099 803 2152 prestolari,
837 2100 983 2139 donec
1016 2112 1062 2139 se
1094 2100 1208 2139 adeo
1241 2098 1551 2139 absentauerit
1574 2098 1845 2150 recedendo,
1878 2110 2021 2151 opaca

369 2171 570 2226 quelibet
603 2172 754 2224 legens
789 2177 956 2223 tescua,
1000 2176 1048 2211 ut
1081 2184 1238 2212 eorum
1273 2170 1487 2211 clamoris
1520 2170 1895 2211 uociferationem
1928 2183 2021 2211 non

370 2244 565 2284 ualuerit
612 2244 837 2284 exaudire.
924 2244 1098 2284 Deinde
1145 2243 1515 2284 commilitonum
1563 2243 1739 2295 legione
1786 2246 2022 2295 corrogata

368 2316 473 2357 totis
506 2329 598 2356 una
633 2316 806 2357 uiribus
832 2317 952 2357 trina
976 2315 1303 2356 uociferatione
1337 2319 1539 2367 satagent
1571 2315 1869 2368 proclamare.
1917 2315 2020 2365 Quo

367 2388 500 2440 facto,
550 2389 636 2429 hac
675 2390 769 2441 lege
812 2393 1025 2429 tenentur
1071 2388 1256 2439 astricti,
1303 2392 1364 2436 ut,
1412 2388 1691 2442 quicumque
1731 2388 1913 2428 illorum
1955 2386 2019 2427 illi

368 2463 663 2516 postmodum
720 2462 969 2503 occurrerit
1029 2475 1120 2502 uno
1176 2474 1281 2501 eum
1327 2461 1516 2501 homine
1563 2461 1720 2500 saltem
1772 2445 1885 2514 <uel>
1931 2460 2020 2500 telo

369 2536 611 2586 excellens,
673 2539 712 2575 et
760 2548 865 2576 eum
913 2548 1006 2575 non
1054 2534 1294 2585 inuaserit,
1352 2533 1556 2573 eiusdem
1604 2518 1749 2587 (cum)
1796 2532 2020 2585 probroso

368 2608 729 2661 nuncupationis
763 2608 992 2648 uocabulo
1026 2605 1195 2660 piaculi
1224 2606 1447 2646 iacturam
1481 2605 1694 2645 incurrat.

457 2765 516 2799 16.
544 2774 627 2798 non
656 2762 816 2798 fauerit.
877 2763 1040 2799 19—20.
1068 2762 1386 2798 confedationis.
1443 2761 1507 2797 27.
1536 2760 1711 2796 iuribus.
1771 2760 1833 2795 31.
1861 2759 2017 2806 placuit

368 2821 569 2856 iacturam
604 2821 820 2855 incurrere
851 2819 1080 2867 (piaculum
1106 2835 1149 2850 z
1172 2816 1322 2867 poena).
