2150 3584
549 219 844 249 COMPENDIVM
878 222 1076 251 SAXONJS.
1126 222 1208 250 Lm.
1243 223 1302 250 vn
1670 215 1749 254 297

103 333 225 387 quod
258 333 397 384 galeis
429 337 663 373 assuetum
698 337 802 374 erat.
874 334 1041 375 lterum
1076 335 1228 387 regina
1263 336 1560 378 fistulatorem
1595 351 1747 378 coram

103 417 156 447 eo
198 405 430 445 ludentem
472 405 636 458 posuit,
684 410 728 445 vt
775 406 843 446 vel
884 406 948 447 sic
988 407 1108 459 rigor
1149 407 1289 448 animi
1338 408 1434 449 eius
1476 410 1748 454 flectere1ur2

102 477 178 518 sed
226 476 300 517 ille
346 490 418 528 os,
480 477 601 530 quod
650 490 785 518 carne
833 478 1129 531 spoliauerat,
1192 479 1236 519 in
1295 480 1456 521 faciem
1506 482 1749 522 tistulantis

102 548 289 603 proiecit
343 549 593 603 plenasque
646 550 814 590 buccas
870 563 971 591 aere
1033 551 1229 592 violenta
1294 553 1427 593 ssatus
1481 554 1748 594 excussione

101 620 284 672 laxauit,
331 622 577 662 ostendens
623 635 670 662 se
716 623 771 662 de
819 623 1134 675 hystrionibus
1177 637 1267 664 non
1308 626 1526 676 gaudere;
1575 626 1748 678 hystrio
1775 636 1793 664 5

99 697 251 734 autem
283 693 428 734 alcius
462 693 568 734 ssere
599 693 731 747 cepit,
763 707 901 748 quam
938 695 1063 748 prius
1099 696 1340 737 tistulahat.
1391 698 1521 738 Tunc
1555 711 1629 738 rex
1662 698 1746 737 sibi

100 765 322 806 ferculum
367 765 508 815 misit,
557 767 678 820 quod
728 766 802 806 ille
849 767 1015 820 repulit
1061 767 1362 820 indignanter.
1429 770 1747 821 Interrogatus,

98 849 178 879 cur
208 841 300 879 tam
335 841 545 891 proterue
577 838 693 890 regis
726 839 1012 879 honestatem
1045 841 1408 893 contempsisset,
1441 842 1675 894 respondit
1701 856 1746 882 se

97 913 281 963 propter
313 910 401 951 hoc
431 910 477 950 in
512 910 710 951 Daniam
743 910 932 957 venisse,
967 916 1011 951 vt
1047 912 1293 953 Frothonis
1327 912 1472 953 filium
1507 914 1747 965 inueniret,

97 995 189 1023 non
221 986 374 1023 autem
407 983 607 1036 aliquem
639 983 888 1035 glutonem,
933 983 1011 1036 qui
1051 997 1143 1024 non
1186 984 1272 1024 nisi
1309 985 1449 1025 ventri
1483 986 1743 1027 deseruiret.
1774 997 1814 1027 10

97 1055 204 1095 Post
234 1054 324 1095 hoc
357 1054 513 1106 lngelli
547 1067 698 1095 mores
730 1058 920 1107 tangens
962 1068 1148 1096 omnem
1181 1057 1551 1109 reprehensionis
1583 1059 1745 1098 amari-

95 1126 301 1167 tudinem
333 1126 379 1167 in
414 1130 552 1179 caput
583 1126 680 1167 eius
710 1127 954 1180 transtulit,
987 1128 1180 1181 qualiter
1212 1129 1384 1182 patrios
1413 1143 1563 1171 mores
1589 1131 1744 1172 dereli-

95 1198 255 1252 querit,
287 1198 481 1253 qualiter
512 1198 696 1239 ferculis
724 1203 765 1239 et
789 1199 982 1241 luxuriis
1002 1200 1239 1241 Saxonicis
1264 1202 1519 1251 inseruiret,
1552 1203 1746 1256 qualiter

95 1283 254 1312 necem
285 1271 398 1311 tanti
431 1271 573 1324 patris
605 1271 775 1312 oblitus
807 1285 899 1313 non
934 1273 1083 1313 solum
1119 1273 1345 1314 occisores
1378 1274 1476 1315 eius
1500 1275 1745 1315 dimitteret

95 1342 361 1396 impunitos,
393 1356 553 1384 verum
587 1343 731 1384 eciam
765 1357 842 1385 eos
873 1358 952 1384 suo
985 1345 1200 1386 conuictu
1234 1350 1275 1386 et
1300 1347 1556 1387 honoribus
1581 1347 1743 1399 dignos
1774 1358 1812 1387 15

93 1414 334 1467 iudicaret,
390 1428 416 1456 a
462 1415 630 1469 quibus
677 1416 870 1469 capitale
918 1417 1197 1471 supplicium
1245 1420 1524 1459 sumendum
1572 1419 1741 1460 fuisset.

96 1487 194 1528 Hiis
233 1487 385 1528 verbis
425 1501 479 1528 ac
517 1487 746 1529 similibus
793 1489 908 1529 adeo
947 1489 1156 1530 animum
1198 1490 1353 1542 Ingelli
1396 1492 1587 1543 exacuit,
1634 1496 1680 1532 vt
1717 1505 1742 1531 a

94 1572 251 1600 mensa
303 1560 491 1601 exiliens
538 1561 737 1613 Ingellus
785 1561 1022 1614 Swertingi
1079 1566 1252 1615 septem
1308 1562 1427 1604 filios
1483 1565 1741 1616 trucidaret,

94 1645 201 1673 sene
247 1645 351 1672 eum
400 1632 573 1673 fortiter
618 1633 880 1674 adiuuante.
944 1634 1048 1685 Quo
1088 1639 1271 1688 peracto
1317 1635 1363 1675 in
1408 1635 1629 1677 Sweciam
1677 1641 1743 1677 est

93 1717 316 1745 reuersus.
1767 1718 1809 1749 20

575 1866 653 1906 EX
688 1866 797 1906 LIB.
831 1867 927 1907 VII.
991 1866 1257 1909 SAXONIS.

178 1972 207 2011 I.
282 1937 391 2015 post
437 1973 660 2024 Ingellum
708 1973 972 2026 superstites
1017 1973 1202 2014 fuerunt
1248 1979 1444 2028 quatuor
1490 1977 1587 2017 eius
1635 1978 1737 2031 filij;

93 2044 170 2084 sed
202 2043 348 2085 tribus
380 2058 539 2085 eorum
573 2045 692 2085 bello
723 2045 1021 2099 consumptis,
1055 2051 1245 2100 quartus
1269 2046 1488 2088 Olauus
1521 2048 1563 2088 in
1599 2061 1738 2102 reguo

93 2115 321 2156 successit.
386 2115 535 2156 Huius
567 2120 689 2167 gesta
721 2129 814 2157 non
854 2117 1168 2169 inueniuntur,
1209 2118 1297 2158 nisi
1330 2105 1504 2172 (quod),
1552 2122 1738 2174 quando

181 2251 214 2288 1.
247 2250 444 2301 golleis(!)
474 2252 519 2288 V.
609 2252 883 2289 fistolatorem
917 2253 955 2289 S.
1042 2255 1076 2290 2.
1109 2254 1278 2290 ludente
1311 2255 1354 2290 A.
1444 2255 1508 2291 vel
1547 2266 1625 2292 om.
1658 2257 1735 2293 AS.

95 2308 203 2344 4—5.
245 2308 331 2344 flati
368 2320 453 2345 exo.
492 2309 569 2345 lax.
601 2309 784 2346 violenta
815 2310 866 2356 A3
912 2310 1036 2346 flatus
1075 2312 1301 2348 excusione
1339 2312 1415 2348 lax.
1455 2312 1659 2349 violenter
1697 2313 1736 2349 S.

95 2364 128 2401 5.
161 2365 278 2401 histr.
309 2366 387 2402 VS.
465 2367 498 2401 7.
531 2367 645 2413 quod
678 2367 768 2413 ipse
801 2367 841 2403 S.
915 2368 949 2403 8.
981 2371 1065 2403 tam
1098 2368 1365 2415 indignanter
1396 2372 1434 2405 et
1467 2372 1664 2416 proterue
1697 2371 1735 2406 S.

93 2421 311 2458 honestam
357 2423 390 2459 A
443 2422 720 2471 (honestatem
776 2423 843 2459 hic
895 2427 1038 2460 auctor
1087 2425 1234 2471 soepius
1277 2437 1354 2472 pro
1400 2427 1562 2462 honore
1608 2426 1735 2474 dixit).

97 2478 157 2515 10.
189 2482 326 2515 autem
360 2491 437 2516 om.
470 2480 508 2516 S.
583 2481 812 2527 gluciorem
847 2481 891 2517 A.
974 2482 1159 2518 deseruit
1189 2483 1234 2518 A.
1315 2484 1375 2519 11.
1408 2484 1498 2519 haee
1528 2483 1619 2529 fort.
1654 2485 1734 2521 Dv.

92 2537 436 2582 reprehencionis
454 2538 499 2573 V.
567 2539 628 2574 12.
660 2537 778 2584 p‘rios
809 2537 864 2586 (01
897 2537 1072 2587 patrios)
1105 2539 1193 2584 DV;
1226 2543 1424 2586 paternos
1442 2540 1518 2576 AS.
1591 2541 1736 2577 dereli-

93 2594 230 2638 querit
260 2594 422 2640 scripsi,
454 2595 584 2630 deleri
614 2598 763 2641 querat
788 2595 913 2639 DVA,
944 2596 1172 2642 reliquerat
1197 2597 1235 2632 S.
1300 2597 1360 2632 13.
1394 2597 1490 2633 fere.
1522 2599 1562 2633 in
1589 2597 1671 2634 lux.
1691 2598 1733 2634 A.

96 2649 156 2685 14.
187 2651 276 2686 eius
307 2661 385 2687 om.
418 2651 492 2688 AS.
582 2652 819 2688 admitteret
850 2652 925 2688 AS.
1018 2654 1081 2703 15⁶.
1114 2664 1192 2689 suo
1233 2652 1312 2701 (vel
1338 2653 1430 2699 fort.
1462 2653 1542 2701 sui)
1572 2655 1734 2700 scripsi'3

92 2705 133 2742 in
178 2707 292 2744 codd.
382 2719 524 2745 secum
572 2709 720 2756 dignos
767 2709 843 2746 AS.
938 2710 998 2745 17.
1045 2713 1084 2745 et
1129 2710 1249 2746 simil.
1296 2710 1372 2746 AS.
1462 2722 1484 2746 a
1531 2722 1608 2747 om.
1655 2711 1731 2747 AS.

98 2763 155 2799 18.
201 2768 359 2811 septem
405 2763 481 2813 (vel
526 2764 590 2813 .7.)
634 2767 735 2802 VAS
780 2765 906 2814 (recte,
956 2767 1032 2802 vid.
1077 2767 1186 2803 Saxo
1229 2779 1269 2813 p.
1316 2767 1405 2807 316.
1442 2768 1491 2804 14.
1537 2768 1593 2804 ed.
1637 2767 1733 2815 Ml.)

94 2832 140 2867 .9.
169 2819 357 2870 (nouem)
388 2823 433 2858 D.
522 2823 749 2859 trucidauit
780 2824 855 2859 AS.
946 2824 1010 2859 21.
1042 2824 1254 2870 Inscriptio
1287 2825 1327 2860 in
1364 2825 1414 2860 D:
1462 2825 1616 2861 Olauus
1650 2826 1732 2861 29:

94 2876 135 2912 in
179 2879 230 2914 A:
292 2880 350 2915 De
397 2879 504 2926 Rege
552 2880 702 2921 Olauo,
756 2883 792 2916 et
844 2880 886 2916 in
936 2891 1081 2927 mara:
1142 2891 1294 2918 xxxvn.
1342 2881 1452 2917 Olets
1494 2882 1605 2928 Ingel
1655 2885 1733 2918 son.

94 2933 157 2970 22.
190 2937 437 2982 superstites
469 2948 546 2973 om.
578 2937 654 2973 AS.
738 2937 910 2981 fuerim)
941 2938 985 2973 V.
1073 2938 1144 2984 filij
1178 2939 1267 2974 eius
1300 2938 1375 2974 AS.
1450 2939 1513 2974 23.
1546 2943 1732 2986 quartus.

94 2991 282 3028 videlicet
314 2993 359 3030 O.
393 2993 469 3029 AS.
534 2995 596 3029 24.
629 2995 742 3041 quod
775 2994 924 3030 addidi.
