<?xml version="1.0" encoding="UTF-8"?>
<!DOCTYPE html PUBLIC "-//W3C//DTD XHTML 1.0 Transitional//EN"
    "http://www.w3.org/TR/xhtml1/DTD/xhtml1-transitional.dtd">
<html xmlns="http://www.w3.org/1999/xhtml" xml:lang="en" lang="en">
 <head>
  <title>
</title>
<meta http-equiv="Content-Type" content="text/html;charset=utf-8" />
  <meta name='ocr-system' content='tesseract 3.04.00' />
  <meta name='ocr-capabilities' content='ocr_page ocr_carea ocr_par ocr_line ocrx_word'/>
</head>
<body>
  <div class='ocr_page' id='page_1' title='image "./scriptoresminore112gert_0127.png"; bbox 0 0 2150 3584; ppageno 0'>
   <div class='ocr_carea' id='block_1_1' title="bbox 233 184 1736 224">
    <p class='ocr_par' dir='ltr' id='par_1_1' title="bbox 233 184 1736 224">
     <span class='ocr_line' id='line_1_1' title="bbox 233 184 1736 224; baseline 0.002 -3"><span class='ocrx_word' id='word_1_1' title='bbox 233 192 451 222; x_wconf 82' lang='lat' dir='ltr'>SVENONIS</span> <span class='ocrx_word' id='word_1_2' title='bbox 482 192 673 221; x_wconf 82' lang='lat' dir='ltr'>AGGONIS</span> <span class='ocrx_word' id='word_1_3' title='bbox 707 193 811 220; x_wconf 72' lang='lat' dir='ltr'>Flu}</span> <span class='ocrx_word' id='word_1_4' title='bbox 847 193 1004 221; x_wconf 77' lang='lat' dir='ltr'>BREvls</span> <span class='ocrx_word' id='word_1_5' title='bbox 1038 194 1248 222; x_wconf 74' lang='lat' dir='ltr'><strong>HISTORIA</strong></span> <span class='ocrx_word' id='word_1_6' title='bbox 1285 195 1432 222; x_wconf 75' lang='lat' dir='ltr'>REGVM</span> <span class='ocrx_word' id='word_1_7' title='bbox 1470 196 1599 223; x_wconf 78' lang='lat' dir='ltr'>DAClE</span> <span class='ocrx_word' id='word_1_8' title='bbox 1664 184 1736 224; x_wconf 80' lang='lat'>121</span> 
     </span>
    </p>
   </div>
   <div class='ocr_carea' id='block_1_2' title="bbox 900 305 938 365">
    <p class='ocr_par' dir='ltr' id='par_1_2' title="bbox 900 305 938 365">
     <span class='ocr_line' id='line_1_2' title="bbox 900 305 938 365; baseline 0 0"><span class='ocrx_word' id='word_1_9' title='bbox 900 305 938 365; x_wconf 89' lang='lat' dir='ltr'>S</span> 
     </span>
    </p>
   </div>
   <div class='ocr_carea' id='block_1_3' title="bbox 32 413 1744 2209">
    <p class='ocr_par' dir='ltr' id='par_1_3' title="bbox 32 413 1744 2209">
     <span class='ocr_line' id='line_1_3' title="bbox 98 413 1738 469; baseline 0.001 -13"><span class='ocrx_word' id='word_1_10' title='bbox 98 413 266 456; x_wconf 85' lang='lat' dir='ltr'>laboris</span> <span class='ocrx_word' id='word_1_11' title='bbox 298 416 501 466; x_wconf 85' lang='lat' dir='ltr'><strong>pertesus</strong></span> <span class='ocrx_word' id='word_1_12' title='bbox 533 413 716 466; x_wconf 86' lang='lat' dir='ltr'>destitit,</span> <span class='ocrx_word' id='word_1_13' title='bbox 762 418 1008 468; x_wconf 81' lang='lat' dir='ltr'>antequam</span> <span class='ocrx_word' id='word_1_14' title='bbox 1042 414 1099 453; x_wconf 91' lang='lat' dir='ltr'>ad</span> <span class='ocrx_word' id='word_1_15' title='bbox 1133 414 1292 454; x_wconf 91' lang='lat' dir='ltr'>urbem</span> <span class='ocrx_word' id='word_1_16' title='bbox 1328 415 1548 468; x_wconf 75' lang='lat' dir='ltr'><strong>prefatam</strong></span> <span class='ocrx_word' id='word_1_17' title='bbox 1584 429 1738 469; x_wconf 87' lang='lat' dir='ltr'>perue-</span> 
     </span>
     <span class='ocr_line' id='line_1_4' title="bbox 98 485 1741 541; baseline 0.001 -13"><span class='ocrx_word' id='word_1_18' title='bbox 98 486 247 528; x_wconf 84' lang='lat' dir='ltr'>nisset.</span> <span class='ocrx_word' id='word_1_19' title='bbox 336 485 485 536; x_wconf 86' lang='lat' dir='ltr'>Quem</span> <span class='ocrx_word' id='word_1_20' title='bbox 539 485 691 527; x_wconf 86' lang='lat' dir='ltr'>Sclaui</span> <span class='ocrx_word' id='word_1_21' title='bbox 737 490 1025 537; x_wconf 81' lang='lat' dir='ltr'>contuentes,</span> <span class='ocrx_word' id='word_1_22' title='bbox 1088 486 1297 539; x_wconf 89' lang='lat' dir='ltr'>populari</span> <span class='ocrx_word' id='word_1_23' title='bbox 1352 491 1447 528; x_wconf 83' lang='lat' dir='ltr'>orta</span> <span class='ocrx_word' id='word_1_24' title='bbox 1506 489 1741 541; x_wconf 87' lang='lat' dir='ltr'>seditione,</span> 
     </span>
     <span class='ocr_line' id='line_1_5' title="bbox 97 557 1742 613; baseline 0.001 -13"><span class='ocrx_word' id='word_1_25' title='bbox 97 557 290 600; x_wconf 87' lang='lat' dir='ltr'>diuersis</span> <span class='ocrx_word' id='word_1_26' title='bbox 331 557 614 611; x_wconf 85' lang='lat' dir='ltr'>captiuatum</span> <span class='ocrx_word' id='word_1_27' title='bbox 656 559 880 599; x_wconf 90' lang='lat' dir='ltr'>mortibus</span> <span class='ocrx_word' id='word_1_28' title='bbox 921 558 1248 613; x_wconf 87' lang='lat' dir='ltr'>exquisitisque</span> <span class='ocrx_word' id='word_1_29' title='bbox 1291 560 1527 600; x_wconf 87' lang='lat' dir='ltr'>tormentis</span> <span class='ocrx_word' id='word_1_30' title='bbox 1567 561 1742 602; x_wconf 91' lang='lat' dir='ltr'>adiudi—</span> 
     </span>
     <span class='ocr_line' id='line_1_6' title="bbox 97 630 1743 685; baseline 0.001 -13"><span class='ocrx_word' id='word_1_31' title='bbox 97 631 272 672; x_wconf 86' lang='lat' dir='ltr'>cabant.</span> <span class='ocrx_word' id='word_1_32' title='bbox 364 630 532 670; x_wconf 89' lang='lat' dir='ltr'>Verum</span> <span class='ocrx_word' id='word_1_33' title='bbox 589 643 695 683; x_wconf 91' lang='lat' dir='ltr'>pars</span> <span class='ocrx_word' id='word_1_34' title='bbox 748 631 886 672; x_wconf 87' lang='lat' dir='ltr'>electa</span> <span class='ocrx_word' id='word_1_35' title='bbox 941 631 1190 684; x_wconf 88' lang='lat' dir='ltr'>primatum</span> <span class='ocrx_word' id='word_1_36' title='bbox 1244 632 1424 672; x_wconf 89' lang='lat' dir='ltr'>saniore</span> <span class='ocrx_word' id='word_1_37' title='bbox 1471 634 1743 685; x_wconf 85' lang='lat' dir='ltr'>precellebat</span> 
     </span>
     <span class='ocr_line' id='line_1_7' title="bbox 52 702 1741 758; baseline 0.003 -17"><span class='ocrx_word' id='word_1_38' title='bbox 52 710 71 741; x_wconf 92' lang='lat'><strong>5</strong></span> <span class='ocrx_word' id='word_1_39' title='bbox 97 702 300 745; x_wconf 90' lang='lat' dir='ltr'>consilio.</span> <span class='ocrx_word' id='word_1_40' title='bbox 350 702 615 744; x_wconf 81' lang='lat' dir='ltr'>Consultius</span> <span class='ocrx_word' id='word_1_41' title='bbox 647 716 848 756; x_wconf 89' lang='lat' dir='ltr'>namque</span> <span class='ocrx_word' id='word_1_42' title='bbox 879 703 1198 755; x_wconf 79' lang='lat' dir='ltr'>autumabant,</span> <span class='ocrx_word' id='word_1_43' title='bbox 1231 716 1370 744; x_wconf 89' lang='lat' dir='ltr'>censu</span> <span class='ocrx_word' id='word_1_44' title='bbox 1405 717 1508 745; x_wconf 86' lang='lat' dir='ltr'>eum</span> <span class='ocrx_word' id='word_1_45' title='bbox 1543 706 1741 758; x_wconf 90' lang='lat' dir='ltr'>plurimo</span> 
     </span>
     <span class='ocr_line' id='line_1_8' title="bbox 97 774 1742 829; baseline 0.001 -12"><span class='ocrx_word' id='word_1_46' title='bbox 97 774 437 827; x_wconf 87' lang='lat' dir='ltr'>redimendum,</span> <span class='ocrx_word' id='word_1_47' title='bbox 496 774 617 816; x_wconf 87' lang='lat' dir='ltr'>unde</span> <span class='ocrx_word' id='word_1_48' title='bbox 664 775 866 827; x_wconf 86' lang='lat' dir='ltr'>Sclauia,</span> <span class='ocrx_word' id='word_1_49' title='bbox 920 775 1178 829; x_wconf 85' lang='lat' dir='ltr'>perenniter</span> <span class='ocrx_word' id='word_1_50' title='bbox 1224 776 1448 829; x_wconf 86' lang='lat' dir='ltr'>locuples,</span> <span class='ocrx_word' id='word_1_51' title='bbox 1509 778 1742 818; x_wconf 82' lang='lat' dir='ltr'>exhaustis</span> 
     </span>
     <span class='ocr_line' id='line_1_9' title="bbox 98 846 1742 903; baseline 0.001 -14"><span class='ocrx_word' id='word_1_52' title='bbox 98 849 334 889; x_wconf 88' lang='lat' dir='ltr'>Danorum</span> <span class='ocrx_word' id='word_1_53' title='bbox 387 846 554 901; x_wconf 93' lang='lat' dir='ltr'>opibus</span> <span class='ocrx_word' id='word_1_54' title='bbox 607 849 841 901; x_wconf 85' lang='lat' dir='ltr'>gauderet,</span> <span class='ocrx_word' id='word_1_55' title='bbox 903 861 1042 903; x_wconf 90' lang='lat' dir='ltr'>quarn</span> <span class='ocrx_word' id='word_1_56' title='bbox 1106 848 1235 889; x_wconf 88' lang='lat' dir='ltr'>breui</span> <span class='ocrx_word' id='word_1_57' title='bbox 1292 853 1438 889; x_wconf 91' lang='lat' dir='ltr'>morte</span> <span class='ocrx_word' id='word_1_58' title='bbox 1491 849 1742 890; x_wconf 83' lang='lat' dir='ltr'>trucidatus</span> 
     </span>
     <span class='ocr_line' id='line_1_10' title="bbox 96 918 1743 975; baseline 0.001 -14"><span class='ocrx_word' id='word_1_59' title='bbox 96 920 308 962; x_wconf 88' lang='lat' dir='ltr'>interiret.</span> <span class='ocrx_word' id='word_1_60' title='bbox 373 919 605 961; x_wconf 88' lang='lat' dir='ltr'>Modicum</span> <span class='ocrx_word' id='word_1_61' title='bbox 642 918 807 967; x_wconf 83' lang='lat' dir='ltr'>etenim</span> <span class='ocrx_word' id='word_1_62' title='bbox 841 921 1078 961; x_wconf 83' lang='lat' dir='ltr'>communi</span> <span class='ocrx_word' id='word_1_63' title='bbox 1112 921 1289 961; x_wconf 88' lang='lat' dir='ltr'>cederet</span> <span class='ocrx_word' id='word_1_64' title='bbox 1321 921 1516 973; x_wconf 83' lang='lat' dir='ltr'>utilitati,</span> <span class='ocrx_word' id='word_1_65' title='bbox 1564 922 1599 962; x_wconf 90' lang='lat' dir='ltr'>si</span> <span class='ocrx_word' id='word_1_66' title='bbox 1642 934 1743 975; x_wconf 87' lang='lat' dir='ltr'>cap-</span> 
     </span>
     <span class='ocr_line' id='line_1_11' title="bbox 96 992 1743 1049; baseline 0.001 -15"><span class='ocrx_word' id='word_1_67' title='bbox 96 993 218 1035; x_wconf 92' lang='lat' dir='ltr'>tiuus</span> <span class='ocrx_word' id='word_1_68' title='bbox 250 992 410 1034; x_wconf 89' lang='lat' dir='ltr'>mortis</span> <span class='ocrx_word' id='word_1_69' title='bbox 441 993 739 1034; x_wconf 86' lang='lat' dir='ltr'>damnaretur</span> <span class='ocrx_word' id='word_1_70' title='bbox 770 993 1053 1034; x_wconf 87' lang='lat' dir='ltr'>exterminio.</span> <span class='ocrx_word' id='word_1_71' title='bbox 1104 994 1380 1046; x_wconf 88' lang='lat' dir='ltr'>Delegantur</span> <span class='ocrx_word' id='word_1_72' title='bbox 1411 993 1564 1049; x_wconf 89' lang='lat' dir='ltr'>itaque</span> <span class='ocrx_word' id='word_1_73' title='bbox 1597 995 1743 1047; x_wconf 86' lang='lat' dir='ltr'>legati,</span> 
     </span>
     <span class='ocr_line' id='line_1_12' title="bbox 32 1065 1742 1121; baseline 0 -13"><span class='ocrx_word' id='word_1_74' title='bbox 32 1075 72 1108; x_wconf 89' lang='lat'>10</span> <span class='ocrx_word' id='word_1_75' title='bbox 97 1066 174 1121; x_wconf 89' lang='lat' dir='ltr'>qui</span> <span class='ocrx_word' id='word_1_76' title='bbox 206 1065 350 1107; x_wconf 91' lang='lat' dir='ltr'>Danis</span> <span class='ocrx_word' id='word_1_77' title='bbox 381 1065 727 1118; x_wconf 87' lang='lat' dir='ltr'>denunciarent,</span> <span class='ocrx_word' id='word_1_78' title='bbox 774 1070 823 1106; x_wconf 92' lang='lat' dir='ltr'>ut</span> <span class='ocrx_word' id='word_1_79' title='bbox 861 1077 1012 1118; x_wconf 88' lang='lat' dir='ltr'>regem</span> <span class='ocrx_word' id='word_1_80' title='bbox 1046 1079 1181 1107; x_wconf 89' lang='lat' dir='ltr'>suum</span> <span class='ocrx_word' id='word_1_81' title='bbox 1215 1066 1335 1107; x_wconf 90' lang='lat' dir='ltr'>trino</span> <span class='ocrx_word' id='word_1_82' title='bbox 1367 1066 1467 1107; x_wconf 91' lang='lat' dir='ltr'>auri</span> <span class='ocrx_word' id='word_1_83' title='bbox 1500 1071 1541 1106; x_wconf 91' lang='lat' dir='ltr'>et</span> <span class='ocrx_word' id='word_1_84' title='bbox 1572 1067 1742 1120; x_wconf 84' lang='lat' dir='ltr'>argenti</span> 
     </span>
     <span class='ocr_line' id='line_1_13' title="bbox 97 1137 1741 1194; baseline -0.002 -13"><span class='ocrx_word' id='word_1_85' title='bbox 97 1140 296 1194; x_wconf 89' lang='lat' dir='ltr'>pondere</span> <span class='ocrx_word' id='word_1_86' title='bbox 327 1138 613 1180; x_wconf 88' lang='lat' dir='ltr'>redimerent.</span> <span class='ocrx_word' id='word_1_87' title='bbox 676 1138 812 1190; x_wconf 80' lang='lat' dir='ltr'>Quod</span> <span class='ocrx_word' id='word_1_88' title='bbox 845 1137 924 1178; x_wconf 93' lang='lat' dir='ltr'>diu</span> <span class='ocrx_word' id='word_1_89' title='bbox 957 1139 1117 1193; x_wconf 85' lang='lat' dir='ltr'>exequi</span> <span class='ocrx_word' id='word_1_90' title='bbox 1151 1151 1244 1180; x_wconf 93' lang='lat' dir='ltr'>non</span> <span class='ocrx_word' id='word_1_91' title='bbox 1277 1139 1564 1180; x_wconf 90' lang='lat' dir='ltr'>distulerunt.</span> <span class='ocrx_word' id='word_1_92' title='bbox 1625 1139 1741 1179; x_wconf 89' lang='lat' dir='ltr'>Nam</span> 
     </span>
     <span class='ocr_line' id='line_1_14' title="bbox 96 1210 1743 1264; baseline -0.001 -11"><span class='ocrx_word' id='word_1_93' title='bbox 96 1211 312 1253; x_wconf 92' lang='lat' dir='ltr'>uniuerso</span> <span class='ocrx_word' id='word_1_94' title='bbox 344 1210 485 1252; x_wconf 87' lang='lat' dir='ltr'>ferme</span> <span class='ocrx_word' id='word_1_95' title='bbox 516 1211 641 1264; x_wconf 90' lang='lat' dir='ltr'>regni</span> <span class='ocrx_word' id='word_1_96' title='bbox 673 1225 813 1253; x_wconf 84' lang='lat' dir='ltr'>censu</span> <span class='ocrx_word' id='word_1_97' title='bbox 845 1212 1119 1264; x_wconf 89' lang='lat' dir='ltr'>coadunato,</span> <span class='ocrx_word' id='word_1_98' title='bbox 1159 1211 1506 1253; x_wconf 88' lang='lat' dir='ltr'>occurrentibus</span> <span class='ocrx_word' id='word_1_99' title='bbox 1539 1212 1585 1252; x_wconf 94' lang='lat' dir='ltr'>in</span> <span class='ocrx_word' id='word_1_100' title='bbox 1617 1212 1743 1252; x_wconf 92' lang='lat' dir='ltr'>Win-</span> 
     </span>
     <span class='ocr_line' id='line_1_15' title="bbox 97 1274 1742 1338; baseline 0 -13"><span class='ocrx_word' id='word_1_101' title='bbox 97 1283 265 1337; x_wconf 84' lang='lat' dir='ltr'>ningha</span> <span class='ocrx_word' id='word_1_102' title='bbox 298 1296 403 1325; x_wconf 87' lang='lat' dir='ltr'>cum</span> <span class='ocrx_word' id='word_1_103' title='bbox 435 1295 537 1336; x_wconf 87' lang='lat' dir='ltr'>rege</span> <span class='ocrx_word' id='word_1_104' title='bbox 569 1285 800 1338; x_wconf 87' lang='lat' dir='ltr'>captiuato</span> <span class='ocrx_word' id='word_1_105' title='bbox 834 1285 1024 1336; x_wconf 90' lang='lat' dir='ltr'>Sclauis,</span> <span class='ocrx_word' id='word_1_106' title='bbox 1070 1274 1189 1325; x_wconf 76' lang='lat' dir='ltr'>Dani</span> <span class='ocrx_word' id='word_1_107' title='bbox 1222 1284 1479 1325; x_wconf 87' lang='lat' dir='ltr'>Svenonem</span> <span class='ocrx_word' id='word_1_108' title='bbox 1520 1284 1742 1325; x_wconf 91' lang='lat' dir='ltr'>redimere</span> 
     </span>
     <span class='ocr_line' id='line_1_16' title="bbox 96 1356 1744 1408; baseline -0.001 -10"><span class='ocrx_word' id='word_1_109' title='bbox 96 1370 197 1398; x_wconf 93' lang='lat' dir='ltr'>non·</span> <span class='ocrx_word' id='word_1_110' title='bbox 220 1356 542 1397; x_wconf 85' lang='lat' dir='ltr'>detrectabant.</span> <span class='ocrx_word' id='word_1_111' title='bbox 590 1357 670 1398; x_wconf 87' lang='lat' dir='ltr'>Ast</span> <span class='ocrx_word' id='word_1_112' title='bbox 702 1358 781 1398; x_wconf 91' lang='lat' dir='ltr'>ubi</span> <span class='ocrx_word' id='word_1_113' title='bbox 813 1371 977 1399; x_wconf 90' lang='lat' dir='ltr'>census</span> <span class='ocrx_word' id='word_1_114' title='bbox 1010 1356 1106 1398; x_wconf 90' lang='lat' dir='ltr'>eius</span> <span class='ocrx_word' id='word_1_115' title='bbox 1139 1356 1358 1397; x_wconf 90' lang='lat' dir='ltr'>solutioni</span> <span class='ocrx_word' id='word_1_116' title='bbox 1383 1369 1476 1397; x_wconf 91' lang='lat' dir='ltr'>non</span> <span class='ocrx_word' id='word_1_117' title='bbox 1502 1357 1744 1408; x_wconf 81' lang='lat' dir='ltr'>sufficeret,</span> 
     </span>
     <span class='ocr_line' id='line_1_17' title="bbox 32 1429 1743 1483; baseline 0 -13"><span class='ocrx_word' id='word_1_118' title='bbox 32 1438 72 1470; x_wconf 87' lang='lat'>15</span> <span class='ocrx_word' id='word_1_119' title='bbox 97 1431 397 1471; x_wconf 87' lang='lat' dir='ltr'>decreuerunt</span> <span class='ocrx_word' id='word_1_120' title='bbox 449 1433 658 1471; x_wconf 90' lang='lat' dir='ltr'>matrone</span> <span class='ocrx_word' id='word_1_121' title='bbox 708 1430 802 1471; x_wconf 89' lang='lat' dir='ltr'>suis</span> <span class='ocrx_word' id='word_1_122' title='bbox 848 1430 1087 1471; x_wconf 89' lang='lat' dir='ltr'>ornatibus</span> <span class='ocrx_word' id='word_1_123' title='bbox 1134 1442 1367 1470; x_wconf 89' lang='lat' dir='ltr'>summam</span> <span class='ocrx_word' id='word_1_124' title='bbox 1415 1429 1743 1483; x_wconf 90' lang='lat' dir='ltr'>redemptionis</span> 
     </span>
     <span class='ocr_line' id='line_1_18' title="bbox 98 1501 1743 1556; baseline -0.002 -12"><span class='ocrx_word' id='word_1_125' title='bbox 98 1503 287 1556; x_wconf 87' lang='lat' dir='ltr'>explere.</span> <span class='ocrx_word' id='word_1_126' title='bbox 350 1501 490 1554; x_wconf 84' lang='lat' dir='ltr'>Igitur</span> <span class='ocrx_word' id='word_1_127' title='bbox 521 1503 733 1555; x_wconf 88' lang='lat' dir='ltr'>annulos,</span> <span class='ocrx_word' id='word_1_128' title='bbox 765 1503 982 1555; x_wconf 85' lang='lat' dir='ltr'>armillas,</span> <span class='ocrx_word' id='word_1_129' title='bbox 1014 1503 1210 1554; x_wconf 76' lang='lat' dir='ltr'>inaures,</span> <span class='ocrx_word' id='word_1_130' title='bbox 1249 1501 1454 1553; x_wconf 86' lang='lat' dir='ltr'>monilia,</span> <span class='ocrx_word' id='word_1_131' title='bbox 1486 1505 1670 1555; x_wconf 88' lang='lat' dir='ltr'>torques</span> <span class='ocrx_word' id='word_1_132' title='bbox 1703 1506 1743 1542; x_wconf 91' lang='lat' dir='ltr'>et</span> 
     </span>
     <span class='ocr_line' id='line_1_19' title="bbox 98 1574 1742 1629; baseline -0.002 -13"><span class='ocrx_word' id='word_1_133' title='bbox 98 1574 315 1629; x_wconf 89' lang='lat' dir='ltr'>quicquid</span> <span class='ocrx_word' id='word_1_134' title='bbox 359 1574 449 1615; x_wconf 91' lang='lat' dir='ltr'>illis</span> <span class='ocrx_word' id='word_1_135' title='bbox 495 1575 744 1629; x_wconf 91' lang='lat' dir='ltr'>pretiosum</span> <span class='ocrx_word' id='word_1_136' title='bbox 794 1580 909 1627; x_wconf 88' lang='lat' dir='ltr'>erat,</span> <span class='ocrx_word' id='word_1_137' title='bbox 964 1575 1056 1628; x_wconf 89' lang='lat' dir='ltr'>regi</span> <span class='ocrx_word' id='word_1_138' title='bbox 1110 1575 1349 1616; x_wconf 89' lang='lat' dir='ltr'>liberando</span> <span class='ocrx_word' id='word_1_139' title='bbox 1402 1574 1742 1627; x_wconf 89' lang='lat' dir='ltr'>impendebant.</span> 
     </span>
     <span class='ocr_line' id='line_1_20' title="bbox 98 1646 1743 1701; baseline -0.002 -13"><span class='ocrx_word' id='word_1_140' title='bbox 98 1648 200 1699; x_wconf 87' lang='lat' dir='ltr'>Quo</span> <span class='ocrx_word' id='word_1_141' title='bbox 232 1648 423 1701; x_wconf 87' lang='lat' dir='ltr'>expleto,</span> <span class='ocrx_word' id='word_1_142' title='bbox 463 1647 581 1688; x_wconf 90' lang='lat' dir='ltr'>Dani</span> <span class='ocrx_word' id='word_1_143' title='bbox 613 1661 638 1688; x_wconf 91' lang='lat' dir='ltr'>a</span> <span class='ocrx_word' id='word_1_144' title='bbox 671 1659 772 1700; x_wconf 88' lang='lat' dir='ltr'>rege</span> <span class='ocrx_word' id='word_1_145' title='bbox 805 1648 1026 1689; x_wconf 86' lang='lat' dir='ltr'>siluarum</span> <span class='ocrx_word' id='word_1_146' title='bbox 1061 1651 1101 1688; x_wconf 88' lang='lat' dir='ltr'>et</span> <span class='ocrx_word' id='word_1_147' title='bbox 1134 1660 1377 1688; x_wconf 87' lang='lat' dir='ltr'>nemorum</span> <span class='ocrx_word' id='word_1_148' title='bbox 1409 1651 1507 1687; x_wconf 90' lang='lat' dir='ltr'>tum</span> <span class='ocrx_word' id='word_1_149' title='bbox 1542 1646 1743 1699; x_wconf 91' lang='lat' dir='ltr'>primum</span> 
     </span>
     <span class='ocr_line' id='line_1_21' title="bbox 98 1718 1744 1774; baseline -0.002 -13"><span class='ocrx_word' id='word_1_150' title='bbox 98 1720 362 1762; x_wconf 81' lang='lat' dir='ltr'>communia</span> <span class='ocrx_word' id='word_1_151' title='bbox 407 1720 722 1774; x_wconf 89' lang='lat' dir='ltr'>impetrarunt.</span> <span class='ocrx_word' id='word_1_152' title='bbox 794 1721 1063 1761; x_wconf 90' lang='lat' dir='ltr'>Mulieribus</span> <span class='ocrx_word' id='word_1_153' title='bbox 1111 1733 1308 1774; x_wconf 84' lang='lat' dir='ltr'>quoque,</span> <span class='ocrx_word' id='word_1_154' title='bbox 1356 1732 1408 1760; x_wconf 89' lang='lat' dir='ltr'>eo</span> <span class='ocrx_word' id='word_1_155' title='bbox 1451 1719 1575 1772; x_wconf 90' lang='lat' dir='ltr'>quod</span> <span class='ocrx_word' id='word_1_156' title='bbox 1617 1718 1744 1771; x_wconf 90' lang='lat' dir='ltr'>prius</span> 
     </span>
     <span class='ocr_line' id='line_1_22' title="bbox 32 1791 1743 1848; baseline -0.002 -15"><span class='ocrx_word' id='word_1_157' title='bbox 32 1801 73 1834; x_wconf 88' lang='lat'>20</span> <span class='ocrx_word' id='word_1_158' title='bbox 98 1797 281 1847; x_wconf 90' lang='lat' dir='ltr'>paterne</span> <span class='ocrx_word' id='word_1_159' title='bbox 312 1793 575 1834; x_wconf 91' lang='lat' dir='ltr'>hereditatis</span> <span class='ocrx_word' id='word_1_160' title='bbox 607 1807 795 1848; x_wconf 88' lang='lat' dir='ltr'>prorsus</span> <span class='ocrx_word' id='word_1_161' title='bbox 827 1798 977 1834; x_wconf 89' lang='lat' dir='ltr'>essent</span> <span class='ocrx_word' id='word_1_162' title='bbox 1014 1797 1226 1843; x_wconf 78' lang='lat' dir='ltr'>exsortes,</span> <span class='ocrx_word' id='word_1_163' title='bbox 1275 1792 1334 1832; x_wconf 93' lang='lat' dir='ltr'>ob</span> <span class='ocrx_word' id='word_1_164' title='bbox 1378 1791 1615 1845; x_wconf 87' lang='lat' dir='ltr'>prestitum</span> <span class='ocrx_word' id='word_1_165' title='bbox 1658 1791 1743 1831; x_wconf 90' lang='lat' dir='ltr'>sibi</span> 
     </span>
     <span class='ocr_line' id='line_1_23' title="bbox 98 1865 1743 1917; baseline -0.002 -11"><span class='ocrx_word' id='word_1_166' title='bbox 98 1879 122 1906; x_wconf 87' lang='lat' dir='ltr'>a</span> <span class='ocrx_word' id='word_1_167' title='bbox 160 1865 380 1906; x_wconf 88' lang='lat' dir='ltr'>matronis</span> <span class='ocrx_word' id='word_1_168' title='bbox 423 1865 629 1906; x_wconf 86' lang='lat' dir='ltr'>fauorem</span> <span class='ocrx_word' id='word_1_169' title='bbox 669 1870 712 1906; x_wconf 86' lang='lat' dir='ltr'>et</span> <span class='ocrx_word' id='word_1_170' title='bbox 742 1866 1071 1907; x_wconf 86' lang='lat' dir='ltr'>beneficiorum</span> <span class='ocrx_word' id='word_1_171' title='bbox 1105 1865 1398 1907; x_wconf 87' lang='lat' dir='ltr'>collationem</span> <span class='ocrx_word' id='word_1_172' title='bbox 1431 1865 1476 1904; x_wconf 88' lang='lat' dir='ltr'>in</span> <span class='ocrx_word' id='word_1_173' title='bbox 1510 1867 1743 1917; x_wconf 85' lang='lat' dir='ltr'>posterum</span> 
     </span>
     <span class='ocr_line' id='line_1_24' title="bbox 98 1935 1743 1993; baseline -0.002 -14"><span class='ocrx_word' id='word_1_174' title='bbox 98 1938 272 1992; x_wconf 89' lang='lat' dir='ltr'>primus</span> <span class='ocrx_word' id='word_1_175' title='bbox 317 1938 496 1990; x_wconf 85' lang='lat' dir='ltr'>tribuit,</span> <span class='ocrx_word' id='word_1_176' title='bbox 539 1942 765 1993; x_wconf 86' lang='lat' dir='ltr'>quatenus</span> <span class='ocrx_word' id='word_1_177' title='bbox 812 1952 942 1979; x_wconf 89' lang='lat' dir='ltr'>soror</span> <span class='ocrx_word' id='word_1_178' title='bbox 987 1938 1114 1979; x_wconf 89' lang='lat' dir='ltr'>sratri</span> <span class='ocrx_word' id='word_1_179' title='bbox 1160 1939 1214 1977; x_wconf 83' lang='lat' dir='ltr'>de</span> <span class='ocrx_word' id='word_1_180' title='bbox 1262 1941 1408 1978; x_wconf 87' lang='lat' dir='ltr'>cetero</span> <span class='ocrx_word' id='word_1_181' title='bbox 1458 1937 1505 1977; x_wconf 91' lang='lat' dir='ltr'>in</span> <span class='ocrx_word' id='word_1_182' title='bbox 1553 1935 1743 1976; x_wconf 89' lang='lat' dir='ltr'>dimidia</span> 
     </span>
     <span class='ocr_line' id='line_1_25' title="bbox 100 2009 1744 2065; baseline -0.002 -14"><span class='ocrx_word' id='word_1_183' title='bbox 100 2011 268 2052; x_wconf 84' lang='lat' dir='ltr'>familie</span> <span class='ocrx_word' id='word_1_184' title='bbox 313 2010 614 2052; x_wconf 86' lang='lat' dir='ltr'>herciscunde</span> <span class='ocrx_word' id='word_1_185' title='bbox 661 2011 870 2065; x_wconf 90' lang='lat' dir='ltr'>portione</span> <span class='ocrx_word' id='word_1_186' title='bbox 916 2011 1289 2052; x_wconf 87' lang='lat' dir='ltr'>communicaret.</span> <span class='ocrx_word' id='word_1_187' title='bbox 1363 2009 1501 2051; x_wconf 87' lang='lat' dir='ltr'>Omni</span> <span class='ocrx_word' id='word_1_188' title='bbox 1545 2020 1744 2060; x_wconf 85' lang='lat' dir='ltr'>namque</span> 
     </span>
     <span class='ocr_line' id='line_1_26' title="bbox 98 2081 1743 2124; baseline -0.002 -1"><span class='ocrx_word' id='word_1_189' title='bbox 98 2083 261 2124; x_wconf 87' lang='lat' dir='ltr'>rationi</span> <span class='ocrx_word' id='word_1_190' title='bbox 308 2087 665 2124; x_wconf 87' lang='lat' dir='ltr'>consentaneum</span> <span class='ocrx_word' id='word_1_191' title='bbox 714 2083 844 2124; x_wconf 85' lang='lat' dir='ltr'>duxit</span> <span class='ocrx_word' id='word_1_192' title='bbox 891 2083 1064 2124; x_wconf 88' lang='lat' dir='ltr'>sincere</span> <span class='ocrx_word' id='word_1_193' title='bbox 1111 2081 1367 2122; x_wconf 88' lang='lat' dir='ltr'>dilectionis</span> <span class='ocrx_word' id='word_1_194' title='bbox 1414 2081 1743 2122; x_wconf 85' lang='lat' dir='ltr'>exhibitionem</span> 
     </span>
     <span class='ocr_line' id='line_1_27' title="bbox 33 2155 1305 2209; baseline -0.001 -14"><span class='ocrx_word' id='word_1_195' title='bbox 33 2164 73 2195; x_wconf 85' lang='lat'>25</span> <span class='ocrx_word' id='word_1_196' title='bbox 100 2155 195 2209; x_wconf 87' lang='lat' dir='ltr'>pari</span> <span class='ocrx_word' id='word_1_197' title='bbox 228 2155 608 2196; x_wconf 84' lang='lat' dir='ltr'>remunerationis</span> <span class='ocrx_word' id='word_1_198' title='bbox 642 2155 962 2196; x_wconf 85' lang='lat' dir='ltr'>beneuolentia</span> <span class='ocrx_word' id='word_1_199' title='bbox 995 2167 1305 2208; x_wconf 84' lang='lat' dir='ltr'>compensare.</span> 
     </span>
    </p>
   </div>
   <div class='ocr_carea' id='block_1_4' title="bbox 806 2545 1035 2587">
    <p class='ocr_par' dir='ltr' id='par_1_4' title="bbox 806 2545 1035 2587">
     <span class='ocr_line' id='line_1_28' title="bbox 806 2545 1035 2587; baseline -0.009 0"><span class='ocrx_word' id='word_1_200' title='bbox 806 2546 927 2587; x_wconf 86' lang='lat' dir='ltr'>CAP.</span> <span class='ocrx_word' id='word_1_201' title='bbox 963 2545 1035 2585; x_wconf 89' lang='lat' dir='ltr'>IX.</span> 
     </span>
    </p>
   </div>
   <div class='ocr_carea' id='block_1_5' title="bbox 105 2619 1745 2923">
    <p class='ocr_par' dir='ltr' id='par_1_5' title="bbox 105 2619 1745 2923">
     <span class='ocr_line' id='line_1_29' title="bbox 195 2619 1744 2702; baseline -0.003 -7"><span class='ocrx_word' id='word_1_202' title='bbox 195 2619 412 2696; x_wconf 83' lang='lat' dir='ltr'>Mortuo</span> <span class='ocrx_word' id='word_1_203' title='bbox 453 2654 660 2694; x_wconf 85' lang='lat' dir='ltr'>Svenone</span> <span class='ocrx_word' id='word_1_204' title='bbox 700 2653 821 2693; x_wconf 89' lang='lat' dir='ltr'>filius</span> <span class='ocrx_word' id='word_1_205' title='bbox 861 2652 957 2693; x_wconf 87' lang='lat' dir='ltr'>eius</span> <span class='ocrx_word' id='word_1_206' title='bbox 995 2652 1203 2692; x_wconf 88' lang='lat' dir='ltr'>Kanutus</span> <span class='ocrx_word' id='word_1_207' title='bbox 1244 2651 1289 2691; x_wconf 91' lang='lat' dir='ltr'>in</span> <span class='ocrx_word' id='word_1_208' title='bbox 1330 2662 1466 2702; x_wconf 90' lang='lat' dir='ltr'>regno</span> <span class='ocrx_word' id='word_1_209' title='bbox 1507 2649 1744 2690; x_wconf 78' lang='lat' dir='ltr'>successit:</span> 
     </span>
     <span class='ocr_line' id='line_1_30' title="bbox 105 2721 1744 2779; baseline -0.003 -13"><span class='ocrx_word' id='word_1_210' title='bbox 105 2739 238 2779; x_wconf 85' lang='lat' dir='ltr'>quem</span> <span class='ocrx_word' id='word_1_211' title='bbox 272 2731 313 2767; x_wconf 90' lang='lat' dir='ltr'>et</span> <span class='ocrx_word' id='word_1_212' title='bbox 345 2727 507 2768; x_wconf 87' lang='lat' dir='ltr'>Senem</span> <span class='ocrx_word' id='word_1_213' title='bbox 541 2725 941 2778; x_wconf 85' lang='lat' dir='ltr'>cognominabant.</span> <span class='ocrx_word' id='word_1_214' title='bbox 1006 2723 1091 2763; x_wconf 86' lang='lat' dir='ltr'>Hic</span> <span class='ocrx_word' id='word_1_215' title='bbox 1121 2723 1245 2776; x_wconf 87' lang='lat' dir='ltr'>regni</span> <span class='ocrx_word' id='word_1_216' title='bbox 1279 2723 1348 2763; x_wconf 91' lang='lat' dir='ltr'>sui</span> <span class='ocrx_word' id='word_1_217' title='bbox 1380 2723 1600 2763; x_wconf 86' lang='lat' dir='ltr'>terminos</span> <span class='ocrx_word' id='word_1_218' title='bbox 1633 2721 1744 2761; x_wconf 83' lang='lat' dir='ltr'>mire</span> 
     </span>
     <span class='ocr_line' id='line_1_31' title="bbox 106 2793 1742 2852; baseline -0.002 -16"><span class='ocrx_word' id='word_1_219' title='bbox 106 2797 282 2839; x_wconf 89' lang='lat' dir='ltr'>uirtutis</span> <span class='ocrx_word' id='word_1_220' title='bbox 328 2798 529 2852; x_wconf 87' lang='lat' dir='ltr'>potentia</span> <span class='ocrx_word' id='word_1_221' title='bbox 576 2797 796 2838; x_wconf 82' lang='lat' dir='ltr'>dilatauit.</span> <span class='ocrx_word' id='word_1_222' title='bbox 860 2797 976 2837; x_wconf 87' lang='lat' dir='ltr'>Nam</span> <span class='ocrx_word' id='word_1_223' title='bbox 1019 2796 1076 2836; x_wconf 88' lang='lat' dir='ltr'>ab</span> <span class='ocrx_word' id='word_1_224' title='bbox 1117 2795 1276 2835; x_wconf 87' lang='lat' dir='ltr'>ultima</span> <span class='ocrx_word' id='word_1_225' title='bbox 1319 2795 1464 2848; x_wconf 74' lang='lat' dir='ltr'>Thyle</span> <span class='ocrx_word' id='word_1_226' title='bbox 1506 2806 1648 2848; x_wconf 72' lang='lat' dir='ltr'>usque</span> <span class='ocrx_word' id='word_1_227' title='bbox 1688 2793 1742 2832; x_wconf 84' lang='lat' dir='ltr'>ad</span> 
     </span>
     <span class='ocr_line' id='line_1_32' title="bbox 106 2864 1745 2923; baseline -0.003 -14"><span class='ocrx_word' id='word_1_228' title='bbox 106 2869 350 2911; x_wconf 86' lang='lat' dir='ltr'>Grecorum</span> <span class='ocrx_word' id='word_1_229' title='bbox 396 2871 537 2911; x_wconf 78' lang='lat' dir='ltr'>ferme</span> <span class='ocrx_word' id='word_1_230' title='bbox 583 2870 828 2923; x_wconf 88' lang='lat' dir='ltr'>imperium</span> <span class='ocrx_word' id='word_1_231' title='bbox 877 2869 1043 2909; x_wconf 85' lang='lat' dir='ltr'>uirtute</span> <span class='ocrx_word' id='word_1_232' title='bbox 1090 2868 1331 2921; x_wconf 89' lang='lat' dir='ltr'>multiplici</span> <span class='ocrx_word' id='word_1_233' title='bbox 1374 2864 1745 2907; x_wconf 86' lang='lat' dir='ltr'>circumiacentia</span> 
     </span>
    </p>
   </div>
   <div class='ocr_carea' id='block_1_6' title="bbox 136 2947 1368 2951">
    <p class='ocr_par' dir='ltr' id='par_1_6' title="bbox 136 2947 1368 2951">
     <span class='ocr_line' id='line_1_33' title="bbox 136 2947 1368 2951; baseline 0 0"><span class='ocrx_word' id='word_1_234' title='bbox 136 2947 1368 2951; x_wconf 95' lang='lat' dir='ltr'> </span> 
     </span>
    </p>
   </div>
   <div class='ocr_carea' id='block_1_7' title="bbox 104 2993 1724 3104">
    <p class='ocr_par' dir='ltr' id='par_1_7' title="bbox 104 2993 1724 3104">
     <span class='ocr_line' id='line_1_34' title="bbox 104 2993 1724 3045; baseline -0.005 -9"><span class='ocrx_word' id='word_1_235' title='bbox 104 2993 197 3043; x_wconf 78' lang='lat' dir='ltr'>(pro</span> <span class='ocrx_word' id='word_1_236' title='bbox 222 2996 334 3045; x_wconf 40' lang='lat' dir='ltr'>(priv).</span> <span class='ocrx_word' id='word_1_237' title='bbox 412 2998 578 3034; x_wconf 79' lang='lat'><strong>22-23.</strong></span> <span class='ocrx_word' id='word_1_238' title='bbox 609 2998 739 3034; x_wconf 83' lang='lat' dir='ltr'>frater</span> <span class='ocrx_word' id='word_1_239' title='bbox 770 2998 949 3033; x_wconf 85' lang='lat' dir='ltr'>decreto.</span> <span class='ocrx_word' id='word_1_240' title='bbox 1021 2997 1084 3033; x_wconf 84' lang='lat'>26.</span> <span class='ocrx_word' id='word_1_241' title='bbox 1118 2996 1308 3032; x_wconf 87' lang='lat' dir='ltr'>fraudem</span> <span class='ocrx_word' id='word_1_242' title='bbox 1340 2995 1437 3043; x_wconf 79' lang='lat' dir='ltr'>(pro</span> <span class='ocrx_word' id='word_1_243' title='bbox 1473 2997 1532 3043; x_wconf 71' lang='lat' dir='ltr'>seg</span> <span class='ocrx_word' id='word_1_244' title='bbox 1565 2993 1724 3037; x_wconf 70' lang='lat' dir='ltr'>eadem)</span> 
     </span>
     <span class='ocr_line' id='line_1_35' title="bbox 107 3053 990 3104; baseline 0.003 -16"><span class='ocrx_word' id='word_1_245' title='bbox 107 3053 246 3091; x_wconf 79' lang='lat' dir='ltr'>eadem</span> <span class='ocrx_word' id='word_1_246' title='bbox 267 3055 439 3091; x_wconf 91' lang='lat' dir='ltr'>..uobis</span> <span class='ocrx_word' id='word_1_247' title='bbox 473 3055 564 3091; x_wconf 84' lang='lat' dir='ltr'>Luc.</span> <span class='ocrx_word' id='word_1_248' title='bbox 600 3055 637 3104; x_wconf 81' lang='lat'>6,</span> <span class='ocrx_word' id='word_1_249' title='bbox 657 3054 717 3100; x_wconf 71' lang='lat'>38,</span> <span class='ocrx_word' id='word_1_250' title='bbox 793 3054 855 3090; x_wconf 86' lang='lat'>29.</span> <span class='ocrx_word' id='word_1_251' title='bbox 890 3054 990 3091; x_wconf 86' lang='lat' dir='ltr'>iure.</span> 
     </span>
    </p>
   </div>
  </div>
 </body>
</html>
