2150 3584
549 204 843 234 COMPEvaM
877 203 1076 232 sAxoms.
1127 203 1208 230 Lm.
1243 202 1320 229 vm
1677 189 1759 228 333

110 321 342 374 grauabat.
407 320 709 360 Procedentes
750 317 941 358 interius
981 316 1192 356 viderunt
1233 316 1486 356 Geruthum
1526 315 1758 355 sedentem

111 397 153 435 et
194 393 439 434 habentem
481 391 600 432 circa
643 389 880 444 precordia
913 402 1079 441 corpus
1113 388 1415 441 perforatum
1463 388 1581 428 circa
1621 399 1759 440 quem

110 471 200 507 tres
238 465 451 506 mulieres
490 463 737 504 enormiter
782 466 1011 503 strumose
1053 461 1249 501 residere
1291 460 1574 500 videbantur.
1639 458 1762 499 Dixit

110 542 263 579 autem
292 536 560 577 Thorkillus
593 536 743 587 sociis,
776 535 1031 577 Geruthum
1065 546 1233 586 corpus
1266 533 1547 586 perforatum
1581 531 1763 581 habere,

111 624 164 652 eo
195 610 319 665 quod
351 610 464 649 deus
497 609 624 649 Thor
655 608 808 661 ipsum
841 606 927 648 sibi
960 609 1291 659 repugnantem
1326 605 1454 657 ignea
1489 604 1634 645 calibe
1667 616 1762 657 per-

112 682 348 732 forauerit3
380 681 596 721 mulieres
626 693 733 721 vero
768 684 952 733 propter
984 679 1176 719 eandem
1211 691 1398 718 causam
1433 677 1523 718 ictu
1556 676 1762 716 fulminis

111 754 259 795 taliter
281 753 571 794 deformatas.
605 752 802 793 Vlterius
820 737 963 805 (inde)
981 750 1171 803 digressi
1194 749 1407 790 viderunt
1433 749 1554 789 dolia
1575 751 1762 801 septem,

112 826 241 867 zonis
287 825 438 866 aureis
485 825 821 877 circumligata,
872 837 925 864 ex
971 823 1140 878 quibus
1187 821 1314 863 zonis
1361 821 1558 873 argentei
1606 820 1763 861 circuli

113 897 455 952 dependebant3
517 897 641 937 iuxta
696 896 818 937 dolia
873 896 1052 937 iacebat
1104 896 1217 935 dens
1264 894 1464 935 maxime
1511 893 1662 944 belue,
1718 893 1762 933 in

113 974 303 1024 Vtraque
356 969 639 1010 extremitate
697 982 810 1010 auro
867 970 1128 1019 decoratusg
1189 967 1262 1009 cui
1323 966 1561 1007 adiacebat
1621 978 1763 1006 cornu

115 1043 390 1084 bubalinum
438 1042 679 1093 eximium,
738 1041 956 1095 preciosis
1004 1040 1235 1093 lapidibus
1281 1041 1580 1088 adornatum3
1640 1038 1763 1078 iuxta

113 1115 236 1170 quod
270 1115 473 1155 maxima
506 1114 686 1155 armilla
719 1114 865 1168 posita
897 1118 1003 1154 erat.
1051 1114 1162 1154 Tres
1195 1112 1330 1165 igitur
1361 1110 1487 1164 socij,
1518 1110 1766 1163 cupiditate

113 1200 267 1228 rerum
314 1186 484 1239 allecti,
531 1188 735 1237 dentem,
783 1200 927 1227 cornu
975 1190 1016 1227 et
1062 1185 1290 1226 armillam
1339 1185 1634 1232 leuauerunt,
1688 1183 1765 1222 sed

114 1260 293 1300 armilla
333 1259 486 1300 statim
526 1272 655 1300 versa
688 1259 734 1299 in
768 1259 1026 1310 colubrum,
1074 1271 1217 1299 cornu
1257 1257 1302 1297 in
1343 1257 1606 1305 draconem,
1653 1255 1767 1294 dens

114 1332 161 1373 in
193 1332 396 1385 gladium
430 1345 475 1373 se
504 1332 709 1373 leuantes
735 1335 1029 1372 necauerunt.
1077 1330 1273 1371 Vlterius
1298 1329 1532 1370 venientes
1556 1328 1767 1368 viderunt

114 1418 240 1445 arma
289 1404 557 1458 pendencia,
604 1405 811 1445 humano
858 1404 1020 1444 habitu
1060 1403 1326 1455 grandiora3
1374 1402 1490 1442 inter
1529 1414 1617 1454 que
1662 1412 1766 1440 con-

114 1481 360 1531 spexerunt
397 1477 568 1529 regiam
610 1481 764 1529 togam
806 1490 912 1517 cum
945 1476 1082 1530 pilleo
1116 1480 1157 1516 et
1188 1476 1373 1516 baltheo
1406 1473 1510 1514 miri
1543 1472 1693 1526 operis
1726 1476 1766 1512 et

115 1549 305 1590 decoris.
377 1550 588 1600 Quorum
630 1549 899 1590 Thorkillus
945 1548 1260 1589 admiracione
1306 1551 1481 1601 captuS,
1527 1545 1605 1600 qui
1652 1545 1767 1585 alios

116 1634 323 1663 coercere
355 1622 525 1674 debuit,
558 1623 615 1662 ad
647 1621 817 1675 regiam
852 1625 1004 1674 togam
1037 1621 1373 1661 incontinenter
1405 1632 1597 1660 manum
1630 1617 1765 1658 misit.

117 1694 275 1736 Statim
302 1695 437 1748 igitur
462 1695 617 1735 omnia
642 1695 944 1735 fundamenta
969 1693 1226 1734 mansionis
1251 1696 1375 1733 mota
1400 1695 1525 1740 sunt3
1553 1690 1766 1731 mulieres

115 1767 395 1808 clamabant:
432 1767 594 1807 »nimis
627 1767 970 1807 dissimulatum
999 1769 1065 1806 est
1090 1778 1195 1806 cum
1222 1764 1573 1818 predonibus!«;
1606 1775 1766 1803 omnes

116 1843 347 1893 serpentes
379 1840 675 1892 monstruosi,
721 1839 799 1893 qui
832 1838 1002 1880 mortui
1033 1838 1322 1890 videbantur,
1362 1850 1467 1878 cum
1501 1835 1694 1877 stridore
1727 1838 1768 1875 et

116 1911 250 1953 sibilo
297 1925 374 1953 eos
415 1912 672 1966 impetuose
710 1911 993 1953 inuaserunt.
1063 1911 1195 1951 Tunc.
1243 1910 1492 1950 Brotherus
1539 1912 1581 1949 et
1628 1907 1767 1949 Bucci

116 1985 315 2025 arcubus
342 1989 385 2025 et
407 1985 576 2037 fundis,
611 1988 836 2039 quantum
862 1985 1089 2035 valebant,
1122 1987 1328 2024 monstra
1353 1982 1623 2034 abegerunt3
1657 1979 1764 2032 socij

114 2061 269 2097 tamen
315 2057 432 2109 regis
478 2056 541 2097 ibi
587 2057 702 2097 adeo
749 2057 907 2097 laniati
946 2060 1065 2109 sunt,
1113 2060 1162 2096 ut
1202 2056 1352 2096 solum
1393 2053 1496 2095 .xx²³.
1538 2055 1593 2094 de
1640 2056 1766 2093 tanto

116 2142 310 2170 numero
343 2130 642 2170 saluarentur.
706 2130 950 2182 Regressos
991 2131 1047 2170 ad
1080 2141 1296 2182 ampnem
1331 2127 1595 2181 superstites
1629 2125 1767 2167 Guth-

116 2203 319 2243 mundus
363 2201 586 2253 traduxit,
644 2215 698 2242 ac
743 2202 941 2242 multum
989 2201 1226 2253 inuitatos,
1281 2213 1388 2241 cum
1434 2198 1627 2240 retinere
1672 2210 1766 2238 non

117 2278 283 2327 posset,
329 2274 455 2315 abire
496 2273 716 2327 permisit.
787 2274 924 2314 Bucci
971 2278 1140 2325 autem,
1186 2273 1265 2327 qui
1311 2272 1400 2313 iam
1451 2275 1516 2312 tot
1561 2275 1766 2311 monstra

204 2388 239 2424 4.
271 2387 412 2423 socius
446 2388 490 2423 V.
566 2389 600 2423 5.
634 2398 683 2424 eo
715 2397 793 2423 om.
825 2387 870 2423 A.
945 2387 1061 2423 Thor
1091 2398 1169 2423 om.
1202 2387 1279 2423 AS.
1364 2386 1486 2432 igneo
1519 2386 1552 2421 D
1585 2395 1633 2420 ex
1663 2395 1765 2420 corr.

116 2444 351 2491 perforauit
395 2445 472 2481 AS.
583 2445 619 2481 7.
667 2444 765 2480 inde
810 2444 901 2481 add.
949 2455 998 2480 ecc
1042 2444 1212 2480 Saxone.
1324 2446 1482 2490 septem
1531 2443 1593 2487 (.7.
1640 2441 1767 2485 codd.)

117 2511 194 2537 om.
227 2502 271 2538 A.
362 2502 384 2537 9
418 2503 510 2547 (14).
543 2502 697 2546 deus(!)
727 2501 804 2546 AS,
850 2502 918 2537 sed
959 2512 1060 2538 corr.
1101 2500 1159 2537 S2.
1249 2500 1381 2536 belwe
1421 2500 1460 2536 S.
1553 2500 1615 2534 11.
1647 2509 1768 2534 orna-

116 2561 204 2594 tum
238 2559 278 2595 S.
350 2559 412 2595 12.
445 2562 565 2595 erant
595 2560 639 2594 A.
718 2558 778 2594 13.
811 2557 970 2594 fallenti
1004 2559 1044 2602 S,
1075 2558 1144 2594 sed
1175 2557 1312 2593 allecti
1344 2568 1372 2593 s.
1405 2568 1432 2592 s.
1467 2555 1524 2592 S2.
1600 2556 1765 2591 dentem

117 2625 195 2651 om.
227 2616 270 2652 A.
362 2617 426 2653 14.
461 2616 679 2652 colubrem
712 2615 789 2651 AS.
881 2616 1139 2651 drachonem
1173 2615 1212 2652 S.
1306 2615 1368 2650 17.
1402 2614 1513 2660 pileo
1546 2614 1598 2658 A;
1639 2612 1766 2659 pallio

117 2682 219 2709 corr.
253 2683 303 2708 ex
333 2673 456 2720 palvo
485 2673 524 2710 S.
592 2672 730 2708 balteo
755 2673 798 2708 A.
864 2674 924 2709 18.
952 2673 1207 2709 amiracione
1239 2672 1315 2707 AS.
1386 2671 1458 2718 qui
1491 2682 1525 2707 a.
1560 2681 1593 2705 c.
1625 2669 1769 2705 debuit

118 2739 197 2765 om.
245 2731 288 2766 A.
396 2731 457 2767 19.
504 2731 730 2766 choercere
779 2729 817 2767 S.
921 2730 1066 2766 debuit
1110 2729 1240 2773 codd,
1290 2728 1440 2764 solitus
1486 2728 1604 2772 (erat)
1649 2727 1769 2763 Saxo.

117 2786 284 2822 20—21.
330 2787 507 2823 clamab.
556 2787 754 2822 mulieres
801 2787 841 2824 S.
948 2788 1011 2822 21.
1059 2786 1390 2830 dissimulatum,
1447 2784 1468 2820 i.
1515 2795 1560 2828 e.,
1608 2783 1766 2830 opinor,

120 2843 382 2890 neglegenter
414 2847 454 2880 et
485 2847 731 2880 cunctanter
762 2847 921 2888 actum3
963 2843 1070 2880 Saxo
1102 2843 1217 2880 dicit:
1252 2853 1374 2889 aequo
1407 2842 1565 2877 diut1us
1597 2840 1769 2876 tolerari

119 2900 352 2946 praedones.
443 2901 508 2938 22.
547 2901 681 2936 videb.
722 2901 877 2937 mortui
909 2902 952 2937 A.
1045 2901 1108 2936 23.
1148 2900 1287 2936 sibulo
1327 2899 1366 2935 S.
1456 2898 1684 2934 ffrotherus
1716 2898 1768 2941 A3

119 2957 347 3003 protherus
380 2957 420 2995 S.
511 2958 639 2994 buchi
678 2957 744 2993 lzic
783 2960 820 2993 et
858 2957 967 3004 infra
1010 2958 1092 2993 DV.
1183 2958 1246 2992 24.
1278 2956 1444 2992 valebat
1475 2955 1521 2990 V.
1614 2955 1678 2990 25.
1710 2954 1768 2990 ibi

120 3023 196 3049 om.
236 3014 276 3050 S.
363 3014 506 3050 lamati
549 3015 603 3060 D3
649 3014 791 3050 leniati
831 3015 876 3050 V.
967 3015 1030 3051 26.
1070 3014 1337 3050 saluerentur
1380 3013 1420 3048 S.
1512 3011 1563 3047 ad
1602 3022 1767 3047 amnem

120 3073 334 3117 superstes
352 3072 424 3108 DV
453 3070 682 3120 (superstes
706 3072 827 3108 etiam
845 3069 905 3119 A).
969 3072 1032 3108 27.
1057 3082 1105 3108 ac
1129 3070 1308 3107 multum
1334 3080 1413 3108 om.
1438 3070 1482 3106 A.
1545 3069 1608 3105 28.
1633 3069 1713 3115 tocj
1734 3068 1768 3103 V

119 3127 243 3179 (unde
274 3128 489 3175 Lanyebelc
519 3127 704 3177 tociens).
779 3131 996 3165 monstrua
1030 3129 1069 3165 S.

1792 973 1832 1005 10

1796 1336 1836 1366 15

1793 1701 1835 1732 20

1793 2065 1836 2095 25
