2150 3584
247 996 287 1027 10

250 1356 288 1387 15

247 1719 289 1749 20

247 2081 289 2111 25

314 214 396 252 426
659 223 934 253 SCRIPTORES
968 223 1194 252 fflsroRIAE
1226 223 1402 251 DANICAE
1435 223 1634 252 M1N0REs

314 337 444 378 cuius
467 337 667 377 ambitus
691 337 852 377 habuit
874 337 1080 377 diuersas
1106 337 1330 377 celaturas
1355 349 1405 376 ac
1427 336 1662 389 ymagines
1686 337 1960 390 insculptas;

314 410 360 450 in
415 422 505 462 quo
561 409 709 449 stabat
761 409 951 462 ydolum
1008 422 1194 449 omnem
1248 412 1466 448 staturam
1515 409 1708 449 humani
1757 409 1962 462 corporis

315 482 549 533 excedens,
597 485 796 536 quatuor
836 482 1013 521 habens
1053 481 1201 534 capita
1243 484 1284 520 et
1322 484 1519 534 quatuor
1560 481 1691 533 colla,
1738 494 1760 521 e
1793 481 1962 534 quibus

314 555 405 594 duo
445 553 647 594 anterius
695 558 736 594 et
774 555 866 594 duo
904 557 1024 593 retro
1065 552 1382 606 respiciebant.
1447 553 1664 594 Corrasas
1704 553 1871 593 barbas
1910 565 1964 593 ac

315 626 461 666 crines
494 630 698 666 attonsos
729 626 896 666 habere
919 625 1160 666 videbatur
1185 626 1439 665 secundum
1466 625 1605 666 ritum
1626 626 1962 677 Rugianorum3

313 698 360 738 in
407 699 590 738 dextera
637 699 838 739 habebat
884 710 1027 738 cornu
1073 697 1256 737 diuerso
1296 698 1480 738 metallo
1523 701 1759 748 ornatum,
1806 698 1961 737 leuum

314 770 556 811 brachium
601 784 679 824 per
719 771 909 810 modum
949 782 1082 810 arcus
1125 770 1181 809 ad
1225 769 1343 809 latus
1384 770 1665 820 reflectebat3
1711 769 1867 809 tunica
1906 770 1964 809 ad

313 842 449 882 tibias
496 843 785 895 prominente
832 842 1118 893 cingebatur3
1176 842 1314 894 pedes
1370 843 1514 882 humo
1568 841 1768 894 contigui
1815 854 1964 881 cerne-

315 915 504 964 bantur3
553 928 645 955 non
688 915 848 967 procul
887 914 1067 954 frenum
1103 917 1145 954 et
1176 914 1284 954 sella
1318 926 1371 954 ac
1403 914 1523 955 ensis
1556 914 1830 967 pendebant,
1877 926 1965 967 que

316 991 443 1027 erant
480 987 677 1039 insignia
720 986 985 1027 diuinitatis.
1051 986 1198 1026 Semel
1245 991 1397 1026 autem
1447 986 1638 1038 singulis
1684 985 1817 1025 annis
1864 989 1966 1038 post

314 1059 465 1111 fruges
497 1060 710 1099 collectas
741 1059 890 1099 tocius
917 1059 1065 1098 insule
1091 1059 1354 1112 frequencia
1380 1062 1482 1098 ante
1506 1059 1730 1111 templum
1756 1058 1965 1098 mactatis

315 1131 572 1184 pecudibus
605 1131 663 1171 ob
696 1132 920 1171 honorem
953 1130 1078 1183 ydoli
1111 1131 1396 1184 epulabatur.
1459 1130 1528 1170 Ibi
1560 1131 1786 1183 sacerdos,
1819 1134 1966 1183 preter

314 1203 453 1244 ritum
494 1204 636 1257 patrie
684 1203 824 1243 barbe
866 1207 908 1242 et
951 1216 1081 1243 come
1124 1202 1431 1256 prolixitatem
1473 1203 1664 1254 habens,
1711 1202 1852 1256 priori
1893 1202 1966 1242 die

315 1280 419 1317 ante
450 1276 616 1316 festum
650 1276 873 1329 templum
907 1275 1144 1326 diligenter
1176 1276 1410 1328 scopabat,
1455 1276 1714 1326 obseruate,
1754 1287 1810 1315 ne
1843 1274 1965 1314 intus

316 1349 571 1389 anhelitum
606 1349 834 1397 funderet,
882 1360 989 1387 nam
1032 1347 1252 1400 quociens
1291 1348 1546 1388 anhelitum
1589 1347 1736 1387 facere
1769 1347 1965 1398 deberet,

316 1422 373 1461 ad
420 1421 623 1461 hostium
672 1433 754 1473 pro
801 1421 890 1460 hoc
937 1420 1160 1472 currebat,
1207 1433 1263 1460 ne
1308 1420 1466 1460 diuina
1508 1419 1744 1473 presencia
1785 1418 1966 1459 mortali

316 1493 478 1546 spiritu
504 1494 794 1546 pollueretur.
838 1492 1052 1545 Sequenti
1079 1492 1164 1542 die,
1191 1493 1374 1533 sedente
1399 1488 1572 1545 populo
1600 1503 1756 1532 coram
1780 1491 1966 1544 templo,

316 1566 484 1619 recepit
521 1578 703 1607 sacrum
744 1577 887 1605 cornu
920 1565 975 1605 de
1008 1577 1149 1604 manu
1184 1564 1322 1617 ydoli,
1366 1564 1677 1615 considerans,
1719 1576 1778 1603 an
1817 1567 1966 1616 potus,

316 1638 393 1691 qui
433 1638 555 1678 intus
596 1641 702 1689 erat,
750 1637 796 1676 in
835 1637 991 1691 aliquo
1035 1637 1241 1677 minutus
1283 1636 1455 1689 fuisset,
1503 1649 1639 1690 quem
1673 1635 1814 1689 priori
1845 1648 1967 1676 anno

316 1710 566 1759 infuderat;
614 1710 651 1750 si
684 1710 889 1750 minutus
923 1713 1031 1760 erat,
1073 1709 1318 1761 caristiam,
1367 1708 1403 1749 si
1436 1722 1543 1756 non,
1590 1708 1967 1748 habundanciam

315 1784 498 1835 frugum
541 1783 770 1835 signabat,
817 1786 859 1822 et
903 1782 1159 1822 secundum
1198 1782 1287 1822 hoc
1329 1782 1542 1822 sacerdos
1575 1781 1800 1834 populum
1831 1779 1970 1820 infor-

317 1855 484 1895 mabat.
575 1855 749 1895 Deinde
796 1858 955 1908 potum
1005 1853 1136 1894 illum
1183 1857 1381 1894 veterem
1429 1854 1485 1893 ad
1533 1853 1671 1907 pedes
1717 1852 1843 1905 ydoli
1889 1865 1969 1906 per

317 1928 507 1967 modum
536 1927 745 1979 sacrificij
774 1927 1014 1967 effundens
1040 1939 1222 1966 rursum
1251 1939 1394 1967 cornu
1420 1930 1530 1979 potu
1557 1925 1726 1966 recenti
1747 1925 1970 1978 impleuit,

317 2000 630 2054 exhibensque
655 2000 793 2052 ydolo
821 2013 900 2052 per
924 1999 1115 2039 modum
1134 1998 1450 2039 veneracionis
1469 1998 1802 2051 sollempnibus
1820 1997 1970 2038 verbis

317 2072 402 2112 sibi
450 2085 502 2112 ac
549 2072 691 2125 patrie
739 2072 859 2111 bona
908 2071 1146 2124 poscebat,
1194 2084 1285 2124 quo
1327 2070 1445 2111 facto
1484 2082 1627 2110 cornu
1671 2083 1760 2110 vno
1801 2071 1970 2110 haustu

317 2144 534 2185 citissime
581 2144 732 2184 ebibit.
797 2144 971 2184 Deinde
1013 2143 1176 2183 iterum
1220 2147 1329 2196 potu
1376 2143 1601 2196 repletum
1651 2143 1805 2182 dextre
1844 2142 1969 2195 ydoli

318 2230 458 2270 vsque
500 2218 556 2257 ad
598 2220 865 2269 sequentem
906 2229 1080 2255 annum
1114 2209 1320 2255 restituit.
1386 2215 1485 2255 Hiis
1518 2214 1711 2268 peractis
1743 2214 1970 2267 reliquum

318 2289 407 2328 diei
453 2289 498 2328 in
547 2288 794 2328 luxuriosis
837 2288 984 2341 epulis
1031 2287 1288 2341 explebant,
1338 2286 1415 2327 vbi
1461 2287 1751 2327 sobrietatem
1802 2286 1973 2327 violare

406 2406 439 2442 1.
461 2406 627 2441 diuersa
647 2403 820 2453 celano)
836 2406 878 2441 A.
941 2405 992 2440 ad
1006 2402 1046 2453 (ἔ)
1069 2416 1150 2451 ym.
1170 2405 1224 2449 V;
1256 2405 1288 2440 &
1312 2405 1527 2450 ymagines
1546 2402 1622 2440 AS.
1686 2404 1720 2439 2.
1744 2403 1905 2439 idolum
1924 2403 1970 2438 V.

319 2463 426 2498 2-3.
468 2466 558 2498 stat.
591 2463 775 2498 hominis
809 2473 892 2498 exc.
925 2462 968 2497 A.
1060 2462 1094 2498 3.
1136 2472 1184 2497 ex
1224 2462 1379 2508 quibus
1413 2462 1451 2498 S.
1544 2462 1579 2497 4.
1619 2471 1811 2496 corrasas
1843 2459 1969 2505 de03

318 2530 513 2556 corrosas
546 2520 658 2557 codd.
752 2521 861 2556 4—5.
897 2523 936 2555 et
967 2520 1105 2555 crines
1139 2519 1177 2555 S.
1269 2520 1303 2554 5.
1337 2522 1524 2554 attonsas
1555 2518 1599 2554 A.
1685 2519 1718 2554 6.
1752 2518 1896 2553 dextra
1930 2517 1968 2553 S.

320 2578 353 2612 7.
387 2578 541 2612 archus
575 2578 617 2612 V.
696 2578 730 2613 8.
764 2578 977 2623 promines
1009 2577 1059 2621 A,
1108 2590 1137 2623 „p
1165 2574 1348 2624 mines(!)
1379 2576 1417 2611 S.
1497 2576 1531 2612 9.
1565 2575 1729 2610 frenum
1763 2574 1835 2610 sed
1868 2574 1968 2610 sella

319 2637 357 2669 et
389 2635 500 2670 ensis
532 2635 581 2679 A,
616 2634 791 2678 frenum,
825 2634 924 2669 sella
959 2637 997 2669 et
1029 2634 1141 2669 ensis
1175 2633 1213 2670 S.
1277 2632 1414 2670 9—10.
1446 2632 1559 2678 quod
1594 2635 1682 2668 erat
1714 2632 1752 2667 S.
1817 2632 1878 2667 10.
1911 2631 1969 2666 in-

319 2691 449 2736 signia
477 2692 603 2734 Saxo,
636 2692 675 2726 in
710 2692 827 2737 signu
854 2692 964 2727 codd.
1031 2692 1091 2726 12.
1124 2691 1225 2726 idoli
1246 2691 1288 2726 V.
1365 2690 1604 2725 sacerdotes
1632 2689 1670 2724 S.
1747 2692 1885 2735 preter
1903 2688 1969 2724 VS

317 2746 476 2795 (Sc1x0)3
510 2746 733 2796 propter(!)
751 2750 794 2784 A.
860 2749 919 2783 13.
953 2748 1081 2783 barba
1101 2748 1145 2783 V.
1222 2747 1382 2783 habens
1401 2747 1440 2790 S,
1471 2747 1540 2782 sed
1562 2757 1663 2782 corr.
1691 2746 1891 2781 habentes
1910 2744 1968 2781 S2.

324 2806 384 2840 14.
420 2806 621 2851 scopebat
652 2805 719 2841 dil.
754 2807 802 2849 A,
850 2806 1152 2851 scopebatur(!)
1184 2804 1253 2840 dil.
1289 2804 1329 2840 S.
1420 2804 1479 2839 15.
1520 2803 1719 2838 anelitum
1753 2803 1804 2847 V;
1845 2802 1969 2838 aneli-

321 2865 405 2897 tum
435 2862 473 2897 S.
538 2863 598 2897 16.
631 2863 785 2898 ostium
812 2862 854 2898 A.
920 2863 980 2898 17.
1015 2862 1175 2897 sedenti
1205 2863 1247 2897 A.
1314 2862 1373 2896 18.
1407 2870 1574 2896 sacrum
1593 2860 1675 2904 VS,
1709 2860 1907 2895 sacerdos
1924 2860 1967 2894 A.

321 2920 383 2954 20.
418 2919 657 2954 infunderat
689 2919 765 2963 AS⁷
812 2919 879 2954 sed
922 2931 944 2954 n
983 2921 1121 2965 postea
1165 2918 1205 2954 in
1250 2918 1277 2954 S
1317 2928 1489 2953 erasum.
1579 2916 1887 2952 abundanciam
1929 2916 1968 2952 S.

324 2976 387 3010 21.
423 2979 459 3010 et
490 2978 510 3019 s,
540 2975 596 3023 (oz
630 2973 880 3020 secundum)
912 2977 991 3011 hoc
1011 2972 1062 3018 V‘g
1095 2979 1170 3011 cti
1201 2976 1280 3010 hoc
1306 2976 1359 3019 A3
1392 2977 1431 3010 et
1458 2975 1537 3009 hoc
1555 2974 1593 3009 S.
1670 2973 1867 3009 sacerdos
1886 2972 1969 3015 AS;

322 3043 440 3066 sacer
473 3033 516 3067 V.
603 3034 665 3067 22.
701 3036 880 3068 veterem
915 3044 991 3069 om.
1026 3033 1100 3068 AS.
1189 3032 1252 3068 24.
1285 3031 1540 3077 exibcnsque
1573 3031 1617 3066 V.
1706 3030 1967 3066 sollennibus

322 3100 414 3123 cum
452 3090 588 3124 verbis
614 3089 652 3124 S.
715 3091 777 3125 25.
811 3090 891 3125 sibi
923 3101 999 3125 om.
1027 3090 1065 3125 S.
1138 3090 1258 3125 hastu
1278 3089 1321 3124 V.
1385 3088 1448 3125 28.
1484 3087 1676 3134 explebat
1702 3087 1741 3122 S.
1811 3086 1968 3122 violare

321 3156 398 3180 om.
430 3145 505 3180 AS.
