2150 3584
288 998 329 1029 10

286 1359 326 1390 15

283 1722 327 1753 20

280 2292 322 2322 25

359 214 442 254 338
699 225 974 255 SCRIPTORES
1008 226 1233 255 HISTORIAE
1265 227 1442 255 DANICAE
1475 227 1674 256 MINORES

446 340 607 382 XVIII.
672 339 757 380 Hic
789 340 998 381 Gotricus
1031 340 1298 392 subiugauit
1329 340 1416 381 sibi
1450 341 1759 394 Germaniam,
1796 342 2011 396 deditque

360 413 617 454 Saxonibus
650 413 771 453 hanc
802 412 959 453 tributi
992 413 1151 465 legem,
1183 417 1242 463 vt,
1274 413 1495 467 quociens
1519 426 1605 459 rex,
1621 427 1773 455 nouus
1795 414 1843 454 in
1868 414 2010 455 Dacia

357 490 599 534 crearetur,
631 486 703 527 vel
735 498 887 526 nouus
914 485 1008 525 dux
1026 485 1286 526 Saxonibus
1318 485 1624 538 preficeretur,
1658 499 1838 540 semper
1869 488 2009 527 duces

358 572 517 600 eorum
557 548 776 599 deberent
811 557 905 610 regi
944 558 1053 598 dare
1095 561 1278 598 centum
1312 557 1442 598 albos
1475 570 1619 611 equos
1659 561 1701 598 et
1738 559 1785 599 in
1827 558 2009 611 signum

357 630 662 672 subieccionis
716 634 989 684 presentare.
1082 630 1175 670 Nec
1228 629 1419 670 victoria
1474 630 1715 671 Germanie
1769 635 2009 672 contentus

357 704 502 745 eciam
521 703 743 744 Sweciam
768 703 1081 756 attemptabat,
1115 702 1298 743 mittens
1331 702 1440 742 illuc
1465 703 1701 743 Reuonern
1733 717 1816 757 pro
1848 704 2007 756 legato.

357 777 505 828 Quem
541 776 743 816 Sueones
784 779 938 829 aperte
978 775 1185 815 occidere
1216 787 1310 815 non
1343 776 1564 815 audentes
1596 775 1748 829 ipsum
1784 780 2008 817 nocturno

357 848 543 890 silencio
591 852 905 901 peremerunt3
964 852 1148 901 propter
1194 847 1319 900 quod
1367 847 1556 899 singuli,
1609 848 1688 902 qui
1734 849 1844 889 huic
1888 848 2008 890 facto

356 922 672 973 interfuerunt,
721 933 806 962 .X11.
847 921 1014 961 talenta
1059 920 1173 972 auri,
1221 920 1413 973 quilibet
1453 933 1560 961 vero
1603 934 1656 960 ex
1696 921 1827 974 plebe
1868 934 2007 963 Vnam

356 994 538 1034 vnciam
571 993 670 1034 auri
704 993 887 1035 Gotrico
920 993 1253 1046 persoluerunt.
1308 992 1485 1033 Accidit
1517 993 1701 1044 interea,
1734 998 1779 1034 vt
1813 994 2007 1034 Karolus

356 1067 563 1119 Magnus,
609 1079 687 1106 rex
721 1066 1020 1117 Francorum,
1067 1064 1343 1105 debellatam
1383 1065 1677 1106 Germaniam
1719 1079 1813 1106 non
1856 1066 2006 1107 solum

354 1139 412 1179 ad
454 1138 592 1179 fidem
626 1138 794 1179 Christi
833 1139 911 1178 sed
951 1138 1096 1178 eciam
1136 1138 1191 1178 ad
1236 1137 1535 1178 seruiendum
1569 1137 1655 1178 sibi
1688 1138 2004 1192 compellebat.

355 1211 459 1261 Quo
505 1214 740 1264 comperto
789 1210 997 1252 Gotricus
1047 1210 1309 1261 Saxoniam,
1356 1210 1617 1251 dominium
1663 1211 1819 1252 Karoli
1856 1211 2006 1252 carius

354 1283 716 1336 amplexantem,
778 1283 929 1323 statim
985 1282 1263 1333 debellabat,
1326 1282 1568 1324 intendens
1621 1297 1715 1324 non
1762 1284 1912 1325 solum
1959 1284 2006 1324 in

356 1356 558 1396 Saxones
591 1357 669 1396 sed
701 1355 748 1396 in
781 1368 966 1396 omnem
1002 1355 1244 1396 Germanie
1276 1355 1502 1408 populum
1533 1355 1781 1410 vindicare,
1823 1357 1947 1411 quod
1980 1370 2006 1397 a

354 1441 437 1468 suo
481 1428 689 1469 dominio
728 1428 999 1468 recessisset.
1064 1427 1218 1467 Primo
1261 1427 1398 1479 igitur
1443 1427 1490 1467 in
1539 1428 1734 1469 Frisiam
1781 1429 2006 1483 nauigans

353 1513 453 1541 eam
502 1501 689 1551 deuicit3
751 1501 824 1541 cui
871 1504 913 1540 et
962 1500 1233 1540 inusitatum
1282 1500 1475 1540 modum
1521 1500 1679 1541 tributi
1725 1502 2004 1555 imponebat.

354 1572 562 1627 Cumque
597 1573 781 1614 vlterius
813 1573 860 1613 in
885 1573 998 1613 alias
1025 1572 1268 1613 Germauie
1301 1576 1450 1625 partes
1483 1574 1729 1626 procedere
1762 1575 2003 1624 statuisset,

352 1658 377 1685 a
425 1646 610 1699 proprio
657 1646 800 1686 milite
839 1650 905 1686 est
948 1645 1127 1686 occisus
1174 1645 1397 1686 clanculo.
1461 1645 1564 1696 Quo
1607 1646 1764 1687 audito
1808 1647 2004 1687 Karolus

353 1718 561 1759 exultans
601 1731 841 1772 nunquam
880 1717 1198 1759 iocundiorem
1240 1721 1455 1758 euentum
1498 1718 1584 1758 sibi
1626 1719 1846 1760 accidisse
1878 1719 2002 1760 dixit.

844 1964 922 2004 EX
955 1964 1066 2004 LIB.
1102 1963 1174 2004 IX.
1238 1963 1505 2005 SAXONIS.

436 2072 467 2112 I.
539 2036 759 2114 Mortuo
793 2071 975 2112 Getrico
1018 2070 1236 2111 successit
1268 2071 1307 2111 ei
1340 2071 1462 2111 filius
1495 2085 1607 2113 suus
1640 2072 1875 2122 Olauus3
1923 2072 2001 2125 qui

351 2148 474 2185 extra
520 2155 710 2196 regnum
761 2143 824 2183 nil
871 2143 1023 2195 magni
1068 2143 1186 2195 fecit,
1234 2144 1312 2183 sed
1359 2143 1478 2184 intra
1523 2156 1713 2197 regnum
1762 2157 1845 2198 pro
1891 2156 2001 2185 nece

351 2216 491 2269 patris
522 2201 836 2270 <vindicanda>
869 2215 1109 2256 laborauit.
1170 2215 1260 2266 Qui
1293 2228 1436 2269 prope
1469 2217 1685 2257 Lethram
1720 2217 1764 2257 in
1797 2217 2000 2270 quodam

349 2288 463 2328 colle
494 2301 520 2328 a
554 2301 636 2328 suo
669 2287 857 2328 nomine
889 2287 1010 2328 dicto
1044 2292 1110 2328 est
1141 2288 1359 2341 sepultus.

437 2444 468 2479 1.
501 2443 615 2480 dedit
646 2445 738 2489 (om.
772 2445 867 2490 quc)
899 2443 974 2480 AS.
1036 2445 1070 2481 2.
1105 2455 1253 2480 nowus
1287 2444 1364 2481 DS.
1433 2445 1468 2481 4.
1503 2444 1603 2480 dare
1635 2445 1721 2491 regi
1753 2444 1830 2481 AS.
1893 2445 1928 2481 5.
1961 2444 1997 2480 ei

349 2501 441 2538 ante
458 2505 700 2546 presentare
718 2501 809 2537 add.
829 2500 886 2537 S3.
950 2501 983 2537 6.
1003 2502 1267 2547 attemptauit
1285 2502 1323 2538 S.
1388 2503 1421 2538 7.
1443 2502 1623 2538 sweones
1641 2503 1695 2548 V;
1728 2503 1928 2538 l'ueuones
1947 2503 1999 2546 A;

350 2558 469 2594 sweui
503 2558 542 2594 S.
619 2560 655 2598 8,
690 2559 950 2617 perimerunt
986 2558 1037 2604 D,
1085 2562 1307 2604 peremunt
1339 2559 1382 2595 A.
1460 2560 1495 2595 9.
1527 2559 1704 2605 quilibet
1736 2559 1776 2604 S,
1818 2559 2000 2606 idemque

349 2628 451 2662 valet
495 2620 560 2674 (¹113
600 2625 671 2672 D3;
717 2619 797 2674 qbo
836 2627 911 2671 (vel
950 2627 1119 2673 quibus)
1161 2627 1280 2663 DVA.
1377 2629 1437 2663 11.
1485 2627 1730 2663 frankorum
1773 2628 1817 2664 V.
1893 2627 1998 2665 Nota

349 2684 593 2728 marqinalis
622 2683 687 2732 (ex
717 2683 824 2720 Αηιι.
860 2684 1005 2729 Ryens.
1038 2682 1218 2732 sumpta)
1249 2684 1290 2720 in
1324 2684 1372 2721 S:
1421 2686 1540 2720 Anno
1573 2684 1734 2720 domini
1765 2685 1996 2731 Doclxxvij.

353 2741 411 2777 12.
458 2741 741 2787 compellabat
787 2742 831 2777 V.
934 2741 995 2776 13.
1042 2741 1217 2787 dominij
1265 2743 1308 2778 A.
1408 2742 1833 2788 carius-zcupidius
1878 2741 1998 2778 Saxo.

352 2798 411 2833 14.
445 2799 779 2845 complexantem
812 2798 888 2833 AS.
967 2797 1204 2844 depellebat
1235 2800 1278 2835 A.
1355 2800 1413 2836 16.
1446 2799 1719 2835 recessissent
1750 2800 1793 2836 A.
1865 2799 1925 2835 17.
1959 2802 1999 2835 et

347 2855 485 2890 om.A.
551 2856 610 2891 19.
646 2855 851 2891 Karrulus
874 2855 913 2891 S.
975 2856 1038 2891 21.
1073 2855 1220 2898 339,4.
1251 2856 1538 2902 Inscriptiones
1570 2855 1611 2891 in
1636 2857 1689 2892 D:
1724 2856 1883 2892 Olauus
1916 2856 1996 2892 549.

349 2933 388 2936 »-
433 2912 646 2948 siwardus
686 2913 767 2949 569.
846 2912 891 2947 In
935 2923 1063 2958 mary.
1105 2913 1153 2948 A:
1202 2923 1308 2949 LXVI.
1357 2913 1484 2949 Olleff
1521 2908 1736 2950 Gottrekss.
1787 2934 1827 2939 —
1873 2923 1995 2949 van.

350 2969 583 3015 Huingerm)
629 2969 761 3005 Olluff
798 2972 875 3005 son.
926 2990 964 2994 ψ
1012 2979 1149 3005 vam.
1197 2970 1345 3006 Siuerd
1392 2970 1576 3007 Gottriks
1623 2971 1786 3007 daatter
1833 2972 1912 3007 son.
1955 2991 1994 2996 —

347 3036 452 3062 inx.
503 3026 606 3071 Ring
653 3027 824 3063 Siuerds
873 3028 987 3062 sotter
1036 3028 1115 3063 son.
1166 3048 1204 3051 —
1257 3028 1321 3064 24.
1368 3027 1620 3064 vindicanda
1667 3027 1808 3063 addidi
1852 3027 1995 3073 (Saxo:

350 3086 533 3128 paternae
572 3084 765 3119 vindictae
798 3083 962 3128 studio).
1041 3084 1186 3119 letrau]
1221 3085 1260 3120 S.
1322 3085 1387 3121 25.
1421 3084 1584 3132 dict9(!)
1618 3084 1664 3130 S3
1711 3085 1918 3131 dicta(m‘?)
1950 3085 1996 3121 D.
