2150 3584
313 192 396 234 440
653 202 928 232 SCRIPTORES
961 201 1187 231 msTomAE
1219 199 1397 230 DANmAE
1428 199 1628 230 MINORES

530 768 1000 816 CONTINVATIO
1039 767 1426 813 COMPENDII
1467 766 1759 813 SAXONIS

1077 868 1199 905 SIVE

772 962 1129 1009 CHRONICA
1158 963 1505 1021 JVTENSIS.

407 1101 605 1181 Contra
645 1136 771 1176 hunc
815 1135 1049 1176 Kanutum
1088 1147 1238 1187 regem
1284 1134 1501 1188 opposuit
1540 1147 1586 1175 se
1624 1134 1963 1185 WaIdemarus,

310 1210 553 1263 episcopus
587 1207 920 1258 Sleswieensis3
967 1207 1238 1262 fugiensque
1277 1207 1325 1248 in
1359 1206 1648 1259 Norwegiam
1679 1205 1814 1247 rediit
1846 1209 1964 1259 post-

309 1283 501 1322 modum
540 1294 644 1322 cum
686 1282 764 1321 .35.
806 1280 954 1332 longis
994 1280 1194 1320 nauibus
1233 1279 1364 1333 quasi
1405 1290 1555 1331 regem
1592 1279 1960 1332 impugnaturus.

309 1354 393 1395 Sed
428 1368 452 1394 a
485 1365 586 1406 rege
620 1358 780 1406 eaptus
812 1352 856 1392 in
891 1352 1004 1392 ’turri
1037 1352 1267 1403 Sioburgh
1299 1352 1476 1406 positus
1509 1355 1587 1402 est,
1623 1351 1699 1392 vbi
1733 1351 1849 1391 sedit
1881 1351 1960 1392 .14.

309 1426 454 1466 annis.
520 1426 669 1466 Huius
710 1425 826 1477 regis
863 1429 1069 1479 tempore
1107 1424 1277 1478 incepit
1315 1425 1428 1465 ordo
1475 1423 1666 1464 fratrum
1712 1423 1961 1475 minorum,

308 1511 429 1539 anno
462 1498 641 1539 domini
675 1503 838 1539 .M⁰.cc⁰.
902 1497 1126 1550 Regnauit
1157 1501 1310 1538 autem
1343 1497 1477 1537 annis
1512 1498 1590 1537 ,22

393 1620 611 1656 Codices
650 1630 799 1655 veros
840 1619 910 1655 hic
949 1621 1110 1654 tantum
1143 1621 1228 1654 tres
1261 1618 1480 1663 habemus,
1519 1618 1621 1655 VAS
1662 1616 1756 1667 (vid.
1787 1628 1827 1664 p.
1859 1616 1961 1666 216).

308 1677 386 1713 Sed
427 1688 474 1712 ex
514 1677 659 1713 codice
699 1677 841 1723 aliquo
883 1676 1005 1712 nobis
1044 1676 1185 1722 ignoto
1226 1676 1410 1712 Petrus
1452 1676 1563 1712 Olai
1604 1676 1644 1711 in
1687 1675 1962 1712 Collectaneis

307 1734 375 1773 fol,
398 1732 691 1783 70—81V(82r)
723 1734 852 1770 multa
880 1734 1100 1780 excerpsit,
1132 1734 1234 1780 quin
1268 1734 1393 1769 etiam
1426 1733 1678 1780 plerumque
1708 1732 1795 1769 fere
1826 1735 1960 1768 ’totum

307 1792 539 1838 exscripsit,
585 1794 829 1838 textumque
869 1791 929 1827 sic
970 1790 1208 1827 confectum
1258 1794 1401 1837 postea
1443 1792 1569 1835 auxit,
1615 1791 1768 1826 additis
1809 1790 1960 1836 partim

306 1849 414 1884 inter
446 1860 593 1885 versus
626 1849 780 1894 partim
814 1849 855 1884 in
888 1848 1150 1894 marginibus
1183 1848 1528 1884 adnotationibus
1569 1848 1723 1891 multis,
1769 1858 1875 1894 quas
1913 1858 1962 1883 ex

305 1906 536 1942 Annalibus
570 1906 806 1952 Ryensibus
839 1909 877 1941 et
909 1905 1079 1941 aliunde
1111 1906 1309 1952 sumpsit;
1357 1906 1449 1942 haec
1491 1906 1633 1942 omnia
1667 1904 1887 1951 Langebek
1918 1904 1961 1940 in

306 1963 489 1999 editione
521 1974 595 1999 sua
628 1961 679 2012 (S.
700 1964 741 2000 R.
762 1964 807 2000 D.
827 1964 856 2007 I,
881 1974 917 2009 p.
942 1960 1141 2010 121-33)
1173 1963 1277 1999 mire
1309 1962 1616 1999 contaminauit
1644 1973 1720 1998 nec
1746 1962 1959 1998 variarum

306 2021 487 2067 partium
529 2021 730 2067 originem
773 2020 858 2056 ullo
900 2020 1027 2055 modo
1066 2020 1257 2065 signauit.
1318 2020 1526 2064 (Ceterum
1565 2020 1689 2065 idem,
1730 2020 1802 2056 sed
1835 2019 1959 2055 etiarn

306 2078 449 2123 peiore
483 2078 620 2121 modo,
668 2078 822 2114 factum
866 2081 926 2113 est
968 2078 1008 2112 in
1043 2077 1188 2113 codice
1220 2077 1405 2124 quodam
1438 2077 1670 2124 Vpsalensi,
1716 2077 1836 2113 cuius
1869 2087 1960 2124 spe-

306 2135 440 2171 cimen
489 2135 621 2171 edidit
661 2136 708 2171 H.
749 2135 934 2172 Rordam
981 2135 1022 2170 in
1064 2135 1247 2171 Monum.
1291 2135 1394 2171 Hist.
1435 2135 1549 2180 Dan,
1597 2145 1675 2171 ser.
1708 2135 1756 2171 II.
1795 2133 1876 2171 vol.
1911 2133 1960 2171 II.

306 2203 341 2238 p.
378 2193 515 2236 1—29‚
564 2193 741 2228 Hauniae
786 2193 921 2237 1887.)
983 2192 1084 2236 Quae
1124 2203 1173 2228 ex
1213 2192 1350 2239 primo
1389 2192 1499 2229 Petri
1541 2191 1631 2228 Olai
1672 2193 1870 2228 contextu
1909 2190 1960 2227 ad

306 2249 529 2286 editionem
590 2250 812 2286 Chronicae
858 2250 1043 2286 Jutensis
1097 2249 1175 2285 rite
1230 2249 1533 2286 absoluendam
1590 2249 1801 2296 pertinere
1856 2248 1960 2284 mihi

307 2306 569 2352 videbantur,
600 2307 709 2343 infra
741 2307 783 2342 in
817 2307 1121 2343 commentario
1155 2307 1291 2342 littera
1322 2306 1357 2343 Ο
1390 2307 1549 2353 signata
1583 2306 1714 2343 attuli.
1764 2307 1958 2342 Ceterum

306 2364 428 2399 etiam
477 2365 518 2399 in
566 2364 733 2400 Collect.
781 2364 848 2400 fol.
892 2364 1083 2401 (HV—66¹⁹
1115 2363 1180 2412 (z
1205 2365 1240 2400 S.
1269 2364 1310 2400 R.
1339 2365 1383 2400 D.
1411 2365 1459 2410 ΙΙ,
1501 2376 1539 2411 p.
1572 2360 1772 2411 255-65)
1812 2364 1959 2399 Petrus

307 2421 396 2456 Olai
444 2422 622 2457 eundem
671 2422 860 2458 codicem
909 2422 1119 2457 interdum
1168 2421 1413 2457 adhibuisse
1461 2422 1646 2466 videtur,
1706 2421 1778 2456 sed
1826 2420 1958 2456 multo

306 2477 491 2515 liberius.
550 2479 754 2525 Excerpta
789 2479 1063 2525 Svaningii
1094 2477 1154 2526 (E,
1187 2478 1263 2514 vid.
1292 2490 1331 2524 ρ.
1356 2477 1451 2527 215)
1483 2489 1615 2526 pauca
1649 2478 1776 2514 modo
1808 2488 1959 2526 suppe-

306 2535 447 2571 ditant.
497 2558 534 2560 —
590 2535 766 2572 Minutas
813 2538 1023 2582 scripluroe
1069 2536 1362 2582 discrepantias
1408 2537 1555 2583 soepius
1600 2535 1782 2572 consulto
1828 2535 1957 2572 omisi.

309 2592 656 2639 Orthoyraphiam
690 2594 874 2637 eandem,
909 2605 1032 2640 quam
1063 2593 1103 2629 in
1129 2593 1300 2629 editione
1320 2593 1559 2640 Compendii
1575 2593 1750 2630 Saxonis
1775 2591 1956 2637 adhibui,

305 2648 371 2684 liic
402 2661 557 2696 quoque
588 2653 744 2686 seculus
776 2661 877 2687 sum.

396 2720 426 2753 1.
459 2728 595 2763 regem
630 2720 831 2754 kanutum
861 2721 911 2765 Α;
945 2731 1022 2756 om.
1051 2717 1097 2756 Ο.
1161 2720 1195 2755 3.
1227 2730 1346 2756 xxxv.
1365 2721 1417 2765 Α;
1450 2719 1518 2756 ubi
1542 2720 1704 2756 numeri
1727 2718 1892 2756 Arabici
1913 2718 1954 2755 in

307 2786 387 2810 uno
412 2778 512 2811 certe
535 2777 667 2812 codice
692 2776 948 2822 adhibentur,
982 2788 1047 2813 eos
1073 2777 1114 2812 in
1143 2778 1248 2813 lecclu
1275 2788 1363 2813 meo
1385 2777 1517 2823 posui,
1545 2787 1617 2813 nec
1641 2777 1820 2823 amplius
1845 2776 1957 2823 quid-

307 2842 428 2877 quam
468 2833 515 2868 de
551 2833 749 2869 eiusmodi
780 2834 1017 2880 differentiis
1049 2835 1211 2870 adnoto.
1290 2835 1423 2879 longis
1455 2845 1532 2870 0111.
1561 2834 1608 2870 O.
1682 2837 1828 2870 contra
1860 2832 1956 2883 (pro

307 2900 351 2934 .q·
370 2903 412 2919 z
431 2888 566 2937 quasi)
592 2901 620 2925 r.
650 2895 912 2937 pugnaturus
930 2892 976 2928 Ο.
1040 2893 1074 2928 4.
1096 2891 1310 2938 syoburgh
1331 2892 1377 2937 ὃς
1409 2892 1621 2937 syoborch
1641 2892 1691 2936 Α;
1718 2891 1890 2937 sieburg
1907 2888 1954 2927 Ο.

305 2949 365 2981 est
398 2947 682 2983 incarceratus
717 2948 763 2984 O.
840 2949 875 2985 6.
913 2949 954 2985 R.
988 2954 1124 2985 autem
1161 2949 1352 2985 Kanutus
1385 2949 1505 2985 annis
1537 2958 1633 2984 xxn.
1666 2950 1718 2994 Α;
1757 2948 1800 2984 R.
1834 2948 1955 2984 annis

309 3001 414 3050 πω)
447 3004 507 3038 22.
541 3005 594 3048 V;
642 3005 683 3040 R.
725 3017 758 3040 a.
796 3016 881 3041 xxn
922 3007 1044 3042 annis
1084 3007 1132 3042 Ο.
1209 3004 1371 3052 7—0021'0
1405 3006 1471 3051 22)
1502 3006 1542 3042 S.
1617 3005 1697 3041 Pro
1730 3006 1781 3041 22
1819 3005 1955 3051 potius

311 3059 361 3094 20
395 3062 465 3094 (1111
497 3061 540 3095 21
580 3061 659 3096 dici
690 3062 833 3098 debuit.
