2150 3584
335 1457 374 1488 10

331 1821 371 1850 15

328 2184 370 2214 20

328 2546 369 2576 25

407 221 487 261 124
741 230 1014 260 SCRIPTORES
1048 230 1273 260 fflsromAE
1307 230 1483 259 DANrcAE
1517 230 1716 260 M1NORES

1196 344 1252 403 X

403 452 543 493 uerba
576 454 762 492 eorum.³
825 452 946 491 Inter
987 465 1104 505 quos
1135 452 1340 505 presules
1373 452 1667 493 Gerbrandus
1700 456 1740 493 et
1773 453 2046 506 Rodulphus

402 524 655 576 extiterunt,
702 537 897 577 quorum
932 524 1142 577 alterum,
1180 525 1224 565 id
1259 528 1326 565 est
1358 524 1689 572 Gerbrandum,
1728 525 2045 566 Roschildensi

401 597 604 651 primum
636 596 822 649 prefecit
854 596 1055 649 ecclesie,
1103 597 1348 650 Rodulpho
1380 610 1491 637 uero
1525 596 1855 638 Slesuicensem
1889 598 2047 650 guber-

401 670 603 710 nandam
657 668 888 709 commisit
942 669 1195 710 ecclesiam.
1273 670 1388 711 Cum
1442 673 1595 710 autem
1643 669 1852 723 pluribus
1896 672 2047 723 regnis

401 742 527 782 solus
572 754 666 782 non
712 745 865 794 posset
911 754 1100 794 operam
1146 742 1433 795 impendere,
1488 746 1701 795 nepotem
1750 755 1900 795 suum,
1946 743 2050 784 licet

400 813 701 867 impuberem,
749 812 920 854 scilicet
962 813 1237 866 Suenonem,
1285 814 1407 867 regio
1453 814 1700 855 illustrauit
1745 815 1919 855 honore
1966 801 2046 869 (el)

401 885 583 926 Datiam
632 885 670 925 ei
717 885 1063 926 commendauit
1108 886 1469 938 gubernandam.
1546 887 1688 928 Cuius
1733 890 1860 941 pater
1906 887 2048 928 extitit

405 958 484 1011 Vlf,
517 957 654 999 dictus
681 958 925 1012 Sprakeleg
950 958 1237 1011 cognomine,
1265 963 1411 1000 mater
1435 973 1545 1001 uero
1572 973 1701 1001 soror
1725 959 1843 1012 regis
1861 960 2044 1002 Estrith.

1121 1267 1246 1308 CAP.
1280 1268 1331 1308 X.

498 1338 754 1416 Defuncto
803 1373 981 1415 Canuto
1027 1384 1130 1426 rege
1175 1386 1319 1427 nepos
1366 1374 1477 1422 eius,
1531 1375 1682 1416 Sueno
1729 1374 1942 1428 prefatus,
1989 1375 2047 1416 ab

400 1446 633 1487 auunculo
672 1445 990 1499 intronizatus,
1035 1446 1161 1498 regni
1200 1446 1399 1500 suscepit
1441 1448 1775 1500 gubernacula3
1822 1447 1899 1501 qui
1939 1451 2048 1489 tem-

400 1531 508 1572 pore
551 1518 732 1559 modico
770 1530 960 1571 regnum
1000 1518 1048 1559 in
1091 1520 1217 1572 pacis
1248 1519 1577 1573 tranquillitate
1607 1520 1802 1573 regebat.
1865 1520 2047 1574 Quippe

398 1605 476 1632 rex
500 1591 809 1643 Noruagensis
841 1590 1075 1645 (Maynus),
1107 1591 1227 1632 beati
1254 1592 1357 1633 Olai
1386 1593 1502 1645 regis
1534 1606 1588 1634 ex
1619 1593 1879 1634 concubina
1911 1593 2047 1647 filius,

400 1663 690 1716 expugnandi
722 1662 865 1715 gratia
897 1648 1044 1718 (cum)
1077 1663 1221 1703 classe
1248 1663 1427 1704 Datiam
1459 1663 1641 1705 inuasit.
1691 1663 1775 1706 Cui
1799 1677 1878 1705 rex
1896 1664 2046 1705 Sueno

399 1747 644 1776 occurrens
683 1735 809 1776 iuxta
851 1736 1112 1789 Helyhanes
1151 1736 1316 1777 nauale
1358 1748 1464 1776 cum
1504 1749 1556 1777 eo
1598 1736 1829 1777 commisit
1860 1737 2046 1790 bellum,

399 1808 444 1848 in
477 1821 567 1861 quo
600 1806 819 1861 (Maqnus)
859 1808 1165 1862 triumphauit
1196 1808 1485 1862 obtinuitque
1516 1809 1701 1861 luciam,
1750 1809 1962 1851 Fioniam
2006 1813 2048 1851 et

400 1880 642 1921 Sclauiam.
693 1881 841 1932 Quem
874 1881 986 1921 dum
1020 1881 1166 1922 uictor
1197 1881 1243 1921 in
1278 1881 1523 1922 Schaniam
1557 1882 1770 1936 persequi
1802 1881 2046 1934 moliretur,

397 1953 443 1993 in
492 1952 722 1994 Sialandia
771 1966 879 1994 casu
923 1953 1176 2007 inopinato,
1224 1954 1511 1995 subuectoris
1557 1954 1766 1995 sternacis
1812 1954 2048 2008 precipitio

398 2025 550 2066 arbori
582 2025 742 2078 illisus,
790 2026 981 2077 interiit,
1028 2039 1081 2067 ac
1114 2028 1410 2079 postmodum
1445 2027 1596 2068 Sueno
1634 2027 1868 2068 restitutus
1906 2039 2045 2079 regno

399 2098 444 2138 in
485 2098 633 2152 quiete
673 2099 800 2150 regni
838 2099 1041 2152 possedit
1087 2100 1409 2151 gubernacula.
1474 2101 1610 2140 Hunc
1646 2103 1818 2152 ‘regum
1857 2102 2044 2153 patrem'

398 2171 529 2211 turba
564 2170 822 2211 nominauit
855 2171 1056 2225 agrestis,
1100 2185 1152 2212 eo
1184 2172 1307 2226 quod
1343 2170 1518 2226 (subole)
1558 2185 1805 2213 numerosa
1842 2172 2043 2213 filiorum

399 2243 658 2283 uberrimus
691 2243 903 2294 extiterit,
942 2244 1058 2284 inter
1087 2257 1204 2298 quos
1237 2245 1496 2286 successiue
1527 2245 1648 2297 regio
1680 2244 1882 2299 quinque
1914 2244 2046 2285 sulse-

397 2320 501 2356 runt
548 2316 832 2368 dyademate.
924 2317 1135 2367 Quorum
1188 2321 1310 2369 gesta
1357 2317 1558 2370 plenarie
1603 2317 1889 2370 superfluum
1935 2318 2044 2358 duxi

397 2389 609 2438 recolere,
656 2401 711 2428 ne
751 2389 953 2429 crebrius
986 2389 1107 2430 idem
1140 2389 1381 2443 repetitum
1414 2389 1649 2430 fastidium
1682 2389 1829 2443 pariat
1860 2389 2045 2430 audien-

397 2460 533 2512 tibus,
573 2472 692 2513 cum,
740 2461 904 2502 illustri
937 2462 1248 2516 archipresule
1279 2462 1510 2503 Absolone
1542 2462 1775 2515 referente,
1807 2461 2044 2503 contuber-

397 2532 514 2572 nalis
555 2545 684 2573 meus
725 2534 841 2574 Saxo
887 2534 1150 2586 elegantiori
1198 2534 1300 2575 stilo
1347 2535 1557 2575 omnium
1604 2539 1727 2587 gesta
1774 2537 2044 2575 executurus

398 2604 618 2656 prolixius
649 2605 908 2645 insudabat.
957 2606 1050 2646 Nec
1082 2592 1273 2660 (tamen)
1306 2610 1372 2646 est
1403 2607 1774 2660 pretereundum,
1806 2607 1929 2661 quod
1960 2607 2045 2647 hec

399 2676 545 2729 prisca
578 2681 783 2717 ueterum
818 2678 962 2729 uiguit
988 2679 1287 2728 consuetudo,
1323 2682 1370 2719 ut
1397 2680 1452 2719 ad
1484 2691 1640 2731 regum
1668 2678 2043 2719 intronizationes

398 2749 441 2788 in
464 2750 639 2801 Hysore
662 2750 895 2790 Danorum
924 2751 1137 2791 uniuersa
1168 2752 1297 2792 turba
1331 2751 1594 2803 conflueret,
1628 2755 1677 2791 ut
1708 2750 1804 2804 ipsa
1836 2750 2042 2791 omnium

397 2821 716 2861 conuenientia
757 2833 914 2873 regum
958 2824 1325 2876 nuncupationes
1373 2823 1605 2875 fulgerent.
1670 2824 1851 2864 Mortuo
1891 2823 2042 2876 itaque

482 2951 515 2985 8.
557 2950 756 2986 vedelicet
802 2952 895 2996 (pro
936 2951 1002 2986 Vlf
1040 2952 1167 2997 dict9).
1261 2953 1321 2988 13.
1364 2952 1563 2989 Datianae.
1654 2953 1713 2988 14.
1760 2951 2040 2987 Helohannes.

403 3019 459 3053 15,
504 3018 736 3053 uictoriam.
832 3020 891 3054 16.
934 3020 1151 3056 maluctur.
1246 3021 1308 3057 17.
1357 3021 1599 3056 subuectori
1647 3012 1762 3058 stEtis
1808 3019 2041 3066 praeeipitu.
