2150 3584
65 1090 106 1123 10

64 1453 104 1484 15

59 1817 101 1849 20

58 2180 100 2212 25

9 2786 100 2818 .30

272 203 490 234 svssuoms
521 203 714 233 AGGOle
746 204 850 233 Fini
884 205 1042 234 BREVIS
1076 205 1289 235 msronm
1323 207 1480 236 m-:GvM
1513 208 1645 237 meir:
1709 199 1785 238 117

939 317 979 379 S

137 425 324 466 nutibus
358 425 628 466 uniuersum
662 425 909 466 famuletur
940 436 1146 479 regnum,
1194 431 1236 467 et
1278 427 1389 468 nihil
1425 431 1678 484 questionis
1711 437 1786 472 aut

135 497 445 539 controuersie
499 498 674 552 absque
729 502 881 539 nostra
938 499 1208 540 terminetur
1253 503 1570 556 conniuentia,
1632 504 1689 544 ita
1740 510 1786 545 ut

134 570 250 624 regis
283 570 450 624 pariter
482 575 522 611 et
554 571 706 623 regine
739 584 811 611 me
845 571 997 612 sciatis
1030 572 1205 612 honore
1238 574 1420 626 pollere.
1478 577 1640 628 Regem
1677 590 1785 618 uero

135 644 221 684 hac
260 643 417 684 saltem
460 643 758 696 generositate
798 644 960 685 florere
1003 644 1169 697 sciatis,
1217 647 1339 698 quod
1383 659 1540 699 regum
1583 649 1785 704 undique

137 716 193 757 sit
223 716 381 757 sobole
405 720 683 770 procreatus.
733 717 877 764 Unde,
904 716 1006 757 licet
1039 717 1345 769 magnitudini
1371 721 1569 772 potentie
1595 722 1785 775 impera-

133 788 246 830 torie
277 789 506 843 adequare
539 802 585 829 se
617 802 709 830 non
744 789 907 841 ualeat,
948 789 1087 841 regali
1120 794 1272 830 tamen
1307 791 1385 831 illo
1419 793 1686 847 neutiquam
1720 799 1785 835 est

133 861 320 902 inferior
351 861 577 915 prosapia.
628 862 684 901 Et
715 865 765 902 ut
796 861 924 903 breui
959 863 1233 903 concludam
1269 864 1466 919 eloquio,
1499 878 1522 905 a
1548 866 1784 908 tributarie

134 933 364 975 seruitutis
397 934 502 986 iugo
534 945 615 986 ego
648 934 751 975 forti
777 935 960 976 dextera
981 936 1136 977 Danos
1164 937 1430 989 propediem
1466 938 1783 992 emancipab0‚

132 1007 306 1048 nullam
330 1020 519 1060 prorsus
541 1007 839 1048 subiectionis
861 1008 1165 1049 reuerentiam
1200 1009 1334 1050 uobis
1367 1011 1664 1053 exhibitura«
1716 1014 1781 1053 Ad

131 1080 253 1120 hanc
285 1079 520 1133 inopinate
552 1080 865 1134 responsionis
897 1093 1060 1122 uocem
1093 1083 1343 1135 legatorum
1379 1088 1556 1125 mentes
1588 1089 1783 1126 conster-

131 1155 234 1193 nate
281 1152 637 1206 obstupuerunt,
698 1157 741 1194 et
793 1153 850 1194 ad
906 1154 1188 1208 prefatorum
1235 1168 1478 1208 procerum
1526 1157 1782 1210 papiliones

131 1224 310 1266 confusi
356 1225 678 1278 properabant.
769 1226 836 1266 Ad
890 1239 1006 1280 quos
1060 1227 1295 1268 turmatim
1355 1241 1596 1282 procerum
1648 1230 1781 1270 turba

131 1297 366 1355 confluxit,
414 1297 654 1350 sciscitata,
695 1298 917 1352 quidnam
951 1312 1088 1340 cause
1121 1299 1190 1352 sit,
1234 1301 1357 1354 quod
1391 1313 1528 1342 cursu
1561 1307 1653 1342 tam
1687 1315 1781 1355 pre-

130 1383 325 1423 propero
366 1370 564 1411 reditum
608 1371 925 1412 accelerarent.
988 1373 1043 1412 At
1089 1372 1154 1412 illi
1201 1386 1293 1413 non
1342 1378 1608 1415 cunctanter
1654 1375 1781 1415 omni

129 1455 317 1496 prorsus
367 1456 413 1483 se
458 1443 660 1484 referunt
699 1457 777 1497 spe
815 1444 1055 1486 frustratos
1103 1445 1399 1500 mulierisque
1440 1446 1781 1488 circumuentos

129 1515 341 1557 uersutia.
405 1516 508 1566 Quo
555 1521 790 1570 comperto
836 1517 949 1558 iussi
993 1521 1099 1558 sunt
1143 1518 1266 1559 illico
1308 1518 1550 1572 capitalem
1595 1519 1780 1560 obsides

129 1587 280 1628 subire
328 1588 611 1630 sententiam.
699 1590 816 1629 Nam
863 1594 906 1631 et
951 1590 1090 1631 huius
1135 1591 1198 1631 rei
1247 1591 1418 1632 exitum
1466 1591 1654 1632 illustris
1700 1592 1777 1633 illa

127 1660 295 1713 regina,
341 1661 473 1715 quasi
519 1661 659 1702 futuri
702 1675 794 1702 non
839 1662 1010 1715 ignara,
1058 1663 1134 1703 diu
1184 1667 1288 1704 ante
1334 1664 1563 1717 presciuit.
1627 1664 1777 1705 Satius

127 1732 249 1773 enim
289 1734 491 1774 decreuit
528 1734 668 1775 totius
708 1735 835 1787 regni
875 1735 1142 1776 seruitutem
1182 1748 1437 1789 paucorum
1481 1740 1626 1777 morte
1665 1737 1777 1777 redi-

127 1818 248 1846 mere
281 1819 420 1859 quam
447 1807 672 1847 extraneis
697 1808 752 1848 ad
782 1808 1140 1848 internecionem
1166 1808 1392 1849 famulari.
1443 1810 1548 1850 Mox
1568 1810 1776 1850 Teotoni-

127 1890 285 1918 corum
332 1879 545 1931 ambitio,
606 1879 653 1919 in
700 1881 874 1920 luctum
922 1893 1056 1921 uerso
1097 1881 1299 1934 tripudio
1343 1882 1554 1929 confusa,
1615 1883 1775 1923 dolens

125 1951 310 1991 recessit
349 1954 391 1991 et
429 1964 622 1992 merens.
686 1953 743 1993 Ut
782 1957 936 1993 autem
977 1953 1175 2007 precluis
1216 1954 1293 1994 illa
1334 1954 1489 2007 regina
1528 1967 1632 1994 cum
1674 1966 1775 2006 rege

126 2023 288 2064 marito
323 2036 483 2064 omnes
515 2024 644 2065 etatis
677 2038 756 2066 sue
785 2038 932 2067 annos
964 2027 1251 2080 complesset,
1290 2027 1518 2067 Haraldus
1553 2027 1774 2067 Blaatand

126 2095 248 2136 filius
280 2099 522 2150 superstes,
554 2097 633 2150 qui
663 2101 705 2138 et
729 2098 855 2150 regni
880 2098 1022 2139 extitit
1047 2100 1192 2149 heres,
1224 2099 1347 2139 iuxta
1374 2098 1510 2138 ritum
1537 2099 1773 2151 gentilium

125 2167 170 2208 in
218 2168 407 2209 tumulis
447 2169 650 2221 gemellis
694 2174 736 2210 et
782 2170 983 2223 paribus,
1031 2171 1164 2225 quasi
1210 2170 1464 2211 illustribus
1511 2171 1773 2223 mausoleis,

126 2252 256 2281 secus
287 2240 403 2293 regis
436 2241 609 2282 curiam
636 2242 682 2282 in
709 2242 876 2294 Jelling
909 2247 1155 2296 utrumque
1187 2246 1421 2296 parentem
1448 2243 1553 2284 fecit
1575 2243 1773 2285 humari.

808 2452 931 2493 CAP.
966 2453 1084 2493 VIII.

223 2523 341 2600 Hic
382 2558 611 2599 Haraldus
658 2559 803 2599 multo
851 2563 952 2612 post
997 2562 1203 2613 tempore
1248 2559 1385 2612 regali
1428 2564 1604 2613 sceptro
1648 2561 1771 2613 regni

125 2630 408 2682 gubernabat
448 2630 707 2683 imperium.
786 2631 828 2671 Is
866 2631 1043 2684 primus
1083 2632 1341 2672 idolotatrie
1388 2645 1607 2685 respuens
1648 2645 1772 2686 spur-

125 2701 252 2742 citias
286 2702 452 2744 Christi
493 2715 676 2743 crucem
715 2703 938 2743 adorauit.
1003 2704 1092 2754 Qui
1125 2704 1236 2744 dum
1270 2704 1517 2745 exercitum
1552 2705 1771 2745 emitteret

125 2774 182 2814 ad
213 2774 600 2815 immanissimam
633 2778 808 2828 petram
837 2776 1209 2828 protrahendam,
1242 2790 1381 2830 quam
1409 2777 1566 2817 matris
1593 2777 1771 2817 tumulo

125 2845 184 2886 ob
223 2846 488 2886 memoriale
530 2847 778 2899 insignium
819 2848 1065 2888 destinauit
1097 2848 1373 2901 erigendam,
1421 2849 1634 2889 intestina
1675 2853 1769 2889 orta

126 2918 367 2969 seditione,
414 2922 511 2959 tum
559 2923 742 2972 propter
788 2933 907 2960 noue
953 2920 1181 2972 religionis
1230 2922 1388 2971 ritum,
1442 2925 1540 2961 tum
1587 2925 1771 2973 propter

125 3021 221 3069 (pro
247 3020 592 3071 int4stictionem).
656 3025 721 3061 22.
749 3025 963 3071 procliuis.
1028 3026 1192 3062 24-25.
1221 3027 1444 3063 commulis
1475 3026 1570 3075 (pro
1588 3025 1612 3069 J
1636 3030 1770 3062 turnu-

126 3076 201 3128 lis).
278 3081 343 3117 29.
378 3081 531 3117 emisso
563 3081 759 3119 exercitu.
