2150 3584
524 196 817 226 COMPENDIVM
852 198 1049 228 SAxoNJs.
1104 200 1185 228 Lm.
1222 201 1282 229 1111
1641 193 1723 232 259

78 311 277 362 nomine,
324 311 446 364 quod
491 311 630 351 nichil
670 312 785 352 adeo
818 313 985 352 durum
1020 317 1126 363 erat,
1174 314 1283 368 quin
1318 316 1414 355 eius
1449 317 1593 368 prima
1628 329 1722 369 per-

77 382 288 424 cussione
320 383 622 429 scinderetur;
669 397 805 437 quem
847 385 948 424 ideo
984 386 1069 425 sul)
1103 390 1217 426 terra
1252 387 1567 437 absconderat,
1614 389 1719 442 quia

77 455 190 496 nulli
245 468 348 496 eum
403 455 595 508 cupiuit,
659 470 710 496 ex
765 469 856 510 quo
910 457 1031 497 iilius
1085 471 1195 498 suus
1250 459 1422 499 inutilis
1480 461 1719 501 videretur.

76 527 282 568 Tandem
330 540 409 580 per
456 528 582 580 signa
627 529 838 568 denotata
881 529 1119 569 inuentum
1162 530 1363 582 gladium
1408 533 1721 573 VVermundus

75 599 169 640 filio
208 600 413 650 tradidit,
461 600 538 653 qui
578 612 682 640 cuni
724 613 747 641 a
797 605 922 654 patre
969 607 1189 654 quereret,
1236 616 1291 643 an
1343 604 1469 644 illum
1520 606 1719 658 priorum

74 672 282 725 exemplo
316 672 508 725 experiri
540 673 737 721 deberet,
784 675 1017 726 respondit
1060 687 1149 714 non
1193 674 1468 725 faciendum,
1516 678 1637 730 quia,
1685 679 1718 717 si

75 744 198 784 hunc
229 745 492 795 destrueret,
526 745 721 786 similem
757 746 826 786 sui
860 759 951 786 non
986 746 1185 787 haberet.

159 817 253 858 VII.
318 817 400 857 Die
431 817 567 869 igitur
599 822 766 859 statuto
806 818 1088 859 conueniunt
1129 820 1183 859 ad
1226 820 1377 860 locum
1419 822 1720 874 designatum,

74 889 242 929 scilicet
273 890 328 929 ad
363 889 563 930 insulam
597 892 831 943 quandam
864 891 909 931 in
946 890 1125 944 Eydero
1159 892 1303 932 ssuuio
1336 894 1547 946 positam,
1581 907 1719 947 quam

73 961 258 1001 intrauit
292 961 391 1001 vffo
423 962 548 1002 solus
581 975 633 1002 ex
668 967 794 1016 parte
825 963 1086 1010 Danoru1n;
1119 977 1172 1004 ex
1204 965 1342 1005 altera
1377 970 1501 1018 parte
1535 967 1719 1007 intrauit

74 1032 193 1074 filius
248 1033 364 1086 regis
411 1033 608 1075 Saxonie
660 1047 766 1076 cum
821 1035 1071 1076 fortissimo
1121 1037 1270 1089 pugile
1318 1050 1472 1078 secum
1521 1043 1718 1092 sumpto.

73 1104 214 1146 Erant
245 1106 367 1146 enim
402 1106 520 1147 Dani
553 1120 606 1147 ex
638 1120 726 1149 vna
759 1111 885 1161 parte
918 1108 1063 1161 fluuij,
1113 1108 1315 1150 Saxones
1348 1123 1400 1150 ex
1433 1111 1586 1163 altera,
1634 1112 1721 1152 hoc

72 1179 385 1231 spectaculum
425 1179 664 1220 intuentes.
728 1180 1042 1221 Wermundus
1082 1186 1235 1222 autem
1277 1183 1322 1222 in
1362 1187 1560 1223 extrema
1595 1188 1720 1237 parte

73 1250 224 1303 pontis
250 1264 297 1292 se
321 1251 578 1304 collocauit,
609 1256 666 1304 vt,
701 1252 736 1293 si
763 1252 886 1293 filius
911 1253 1182 1306 vinceretur,
1214 1254 1310 1307 ipse
1335 1255 1479 1295 fluuio
1506 1256 1718 1297 interiret.

73 1322 174 1363 Vffo
206 1323 341 1376 igitur
373 1324 608 1378 Vtriusque
636 1325 779 1365 hostis
805 1325 922 1366 ictus
947 1326 1093 1379 clipeo
1121 1328 1332 1380 suscepit,
1366 1328 1512 1368 donec
1535 1328 1719 1381 videret,

73 1407 209 1449 quem
251 1396 399 1449 primo
439 1409 492 1437 ex
524 1397 587 1437 eis
619 1410 709 1438 vno
741 1398 830 1438 ictu
867 1401 1152 1452 prosternere
1184 1404 1348 1453 posset.
1413 1400 1561 1451 Quem
1595 1401 1718 1442 Wer-

74 1469 275 1508 mundus
322 1470 510 1510 credens
557 1483 611 1510 ex
657 1461 966 1511 imbecillitate
1013 1484 1105 1511 non
1152 1476 1450 1525 repercutere,
1496 1474 1629 1513 traxit
1674 1487 1719 1514 se

74 1540 218 1592 magis
263 1541 320 1582 ad
367 1541 685 1595 precipicium,
745 1547 791 1583 vt
844 1543 994 1583 statim
1052 1557 1098 1584 se
1146 1544 1453 1598 precipitaret,
1516 1546 1550 1585 si
1599 1545 1719 1586 filius

72 1617 320 1654 necaretur.
383 1614 486 1655 Vffo
525 1619 678 1655 autem
719 1616 960 1656 occasione
1000 1616 1157 1656 habita
1196 1617 1346 1670 primo
1387 1618 1585 1670 pugilem
1629 1631 1717 1659 vno

72 1684 163 1726 ictu
197 1687 463 1739 prostrauit;
507 1700 599 1742 quo
640 1700 755 1728 sono
787 1687 1103 1729 Wermundus
1141 1694 1369 1730 recreatus
1401 1690 1603 1742 gladium
1637 1691 1714 1744 filij

74 1757 144 1798 sui
191 1770 238 1799 se
283 1759 516 1800 audiuisse
562 1760 695 1809 dixit,
756 1760 1064 1815 quesiuitque,
1127 1761 1201 1802 vbi
1254 1763 1433 1803 hostem
1489 1763 1716 1815 tetigisset,

74 1828 388 1872 Referentibus
421 1831 641 1872 ministris
680 1818 823 1886 (eum)
865 1845 956 1873 non
995 1845 1132 1874 Vnam
1175 1834 1380 1887 corporis
1423 1838 1596 1888 partem
1639 1836 1716 1875 sed

72 1905 218 1943 totum
256 1915 423 1957 corpus
455 1904 658 1945 hominis
689 1905 915 1957 diuisisse,
962 1905 1276 1946 Wermundus
1317 1919 1341 1947 a
1384 1907 1630 1960 precipicio
1671 1921 1718 1948 se

72 1975 268 2017 retraxit.
330 1976 541 2018 Secundo
580 1977 672 2018 ictu
713 1977 815 2018 foo
862 1977 1008 2018 filium
1048 1978 1165 2030 regis
1206 1979 1473 2032 prostrauit3
1520 1992 1717 2033 cumque

74 2045 388 2089 wermundus
414 2049 582 2090 diceret
614 2062 660 2090 se
692 2049 855 2090 iterum
889 2036 1071 2103 <Skrep>
1103 2049 1350 2101 audiuisse,
1383 2052 1717 2104 responderunt

157 2191 268 2229 2—3.
308 2193 423 2239 quod
462 2193 565 2229 nulli
607 2204 702 2229 eum
743 2193 955 2229 annuebat
987 2193 1064 2232 AS.
1157 2195 1191 2230 3.
1231 2205 1333 2230 suus
1366 2206 1442 2232 om.
1477 2196 1527 2240 D,
1573 2197 1715 2232 malim

72 2247 157 2284 filio
194 2260 271 2285 suo
318 2252 413 2296 (pro
451 2251 537 2298 fili‘?
576 2254 678 2298 suo).
769 2252 803 2288 5.
849 2262 871 2287 a
913 2261 990 2287 om.
1030 2251 1074 2288 A.
1166 2252 1356 2298 priorum
1395 2252 1522 2297 Saxo,
1570 2254 1715 2303 priore

70 2305 251 2351 (prioris,
291 2317 371 2353 pro
416 2308 552 2354 primi)
599 2308 723 2353 DVS;
784 2308 925 2355 priore
970 2308 1013 2344 A.
1105 2309 1140 2345 7.
1186 2310 1251 2345 sui
1297 2320 1374 2345 om.
1414 2310 1460 2355 S;
1506 2321 1628 2346 suum
1670 2312 1715 2346 A.

73 2362 107 2399 8.
140 2372 237 2409 ergo
268 2364 312 2400 A.
388 2365 424 2401 9.
454 2365 507 2401 ad
539 2365 752 2412 quandam
784 2365 965 2401 insulam
998 2365 1074 2402 AS.
1150 2366 1317 2402 Euredo
1351 2367 1404 2412 D,
1437 2367 1604 2403 Endero
1636 2368 1713 2404 AS.

73 2420 210 2466 posito
241 2420 285 2458 A.
363 2422 425 2459 10.
459 2422 540 2458 alia
571 2422 648 2459 AS.
724 2423 785 2458 11.
818 2421 976 2469 pugillo
1009 2422 1054 2458 V.
1133 2424 1195 2460 12.
1230 2424 1334 2459 Sunt
1365 2424 1475 2459 enim
1508 2425 1585 2461 AS.
1667 2436 1714 2461 ex

73 2480 190 2523 parte
229 2489 308 2514 vna
349 2479 394 2515 D.
483 2483 522 2516 et
561 2480 650 2516 Sax.
697 2490 745 2516 ex
785 2479 853 2516 alt.
902 2483 1019 2526 parte
1058 2480 1133 2516 AS.
1226 2481 1288 2517 13.
1337 2484 1474 2517 autem
1522 2492 1599 2518 om.
1639 2483 1714 2518 AS.

75 2533 240 2571 13-14,
277 2546 321 2571 se
360 2537 401 2572 in
442 2540 519 2574 ext.
561 2540 678 2584 parte
715 2536 808 2573 coll.
848 2536 888 2573 S.
983 2538 1042 2572 14.
1083 2538 1223 2584 pontis
1261 2548 1339 2573 om.
1380 2538 1455 2575 AS.
1546 2540 1637 2585 ipso
1671 2540 1715 2575 V.

76 2591 135 2628 15.
169 2593 356 2639 vtrisque
387 2594 438 2638 A;
481 2594 522 2630 in
555 2594 773 2640 Vtriusque
786 2595 824 2639 (!)
854 2594 899 2630 V.
993 2594 1054 2630 17.
1092 2595 1269 2630 credens
1300 2605 1377 2631 om.
1410 2595 1454 2632 A.
1544 2596 1715 2632 inbecil-

71 2647 141 2685 lite
153 2650 192 2694 (ἒ)
222 2649 256 2685 A
289 2651 382 2696 (pro
412 2649 653 2696 inbecilliu).
730 2651 885 2686 thraxit
917 2651 958 2695 S,
990 2653 1033 2687 ut
1061 2651 1220 2697 saepius.
1294 2652 1356 2688 20.
1390 2656 1602 2688 recreatus
1633 2664 1712 2690 om.

71 2704 146 2742 AS.
216 2706 381 2744 20—21.
414 2707 487 2744 filii
519 2709 584 2744 sui
614 2708 799 2754 gladium
833 2707 872 2744 S.
945 2708 1008 2744 21.
1041 2718 1084 2744 se
1116 2718 1193 2745 om.
1228 2709 1311 2744 DV.
1389 2709 1502 2754 dixit,
1533 2710 1714 2757 indeque

72 2766 283 2799 recreatus
307 2765 491 2810 quesiuit
516 2765 584 2802 vbi
601 2765 678 2802 AS.
740 2764 949 2810 tetegisset
968 2765 1011 2801 D.
1074 2765 1137 2801 22.
1172 2776 1266 2801 eum
1299 2765 1440 2802 addidi
1467 2777 1517 2802 ex
1540 2765 1711 2803 Saxone.

18 2849 22 2853 .
74 2818 313 2856 Referentes
350 2821 530 2858 ministri
568 2822 763 2858 dixerunt
800 2832 895 2858 eum
941 2832 1024 2857 non
1063 2833 1185 2858 vnam
1231 2822 1292 2867 (S:
1335 2826 1477 2867 vnum)
1521 2825 1713 2870 corporis

74 2879 233 2922 partem
266 2877 331 2913 SA
368 2878 451 2922 (sed
480 2879 513 2915 A
553 2880 687 2915 tamen
730 2881 890 2925 partem
923 2879 1141 2925 corporis).
1219 2879 1282 2915 23.
1315 2880 1496 2916 hominis
1528 2891 1605 2917 om.
1637 2881 1712 2917 AS.

73 2932 252 2970 diruisse
275 2934 340 2979 Al,
370 2945 471 2972 corr.
495 2934 560 2974 Aff.
622 2936 736 2972 Vnde
753 2936 903 2972 Werm.
921 2935 996 2972 AS.
1060 2935 1225 2973 23-24.
1258 2947 1301 2972 se
1333 2938 1479 2981 om.A;
1511 2938 1714 2974 rethraxit

74 3000 116 3025 se
157 2990 196 3029 S.
279 2992 342 3028 25.
383 2992 514 3039 Skrep
555 2993 706 3029 addidi.
797 2992 986 3038 Cumque
1019 2993 1076 3029 W.
1118 2993 1267 3029 iterum
1309 2994 1463 3030 diceret
1504 3005 1546 3031 se
1589 2995 1712 3041 skrep

75 3047 166 3083 aud.
199 3047 276 3085 AS.

1748 977 1788 1006 10

1748 1338 1788 1368 15

1744 1701 1786 1732 20

1743 2063 1785 2093 25
