2150 3584
654 178 947 208 COMPENDWM
982 178 1180 207 SAxoNJs.
1230 179 1312 207 Lm.
1348 180 1402 207 xv
1767 168 1849 207 435

199 297 356 334 contra
390 303 538 343 regem
564 293 619 332 ad
648 293 963 345 pugnandum,
996 292 1246 343 audientes,
1280 292 1473 345 qualiter
1499 292 1848 345 aquilonaribus

199 368 492 415 successerat,
538 364 730 404 dimisso
770 364 911 417 prelio
951 364 1077 405 flexis
1109 365 1300 415 genibus
1334 378 1357 405 a
1391 376 1492 417 rege
1527 364 1706 404 veniam
1742 365 1848 417 peti-

199 440 378 489 uerunt,
418 436 733 490 promittentes
766 436 1038 490 obsequium
1072 437 1221 477 debite
1255 437 1499 489 seruitutis,
1542 437 1697 477 addito
1732 437 1848 476 iura-

200 512 366 549 mento.

288 581 363 621 111.
428 581 589 621 Postea
629 580 877 634 imperator
924 581 1093 632 legatos
1129 582 1186 621 ad
1228 592 1376 633 regem
1420 581 1555 633 misit,
1603 581 1760 622 dicens
1802 594 1848 621 se

199 653 313 694 velle
345 653 624 705 desponsare
656 654 772 693 duas
803 653 920 693 filias
945 653 1042 693 eius
1067 666 1148 706 pro
1174 653 1357 708 duobus
1385 653 1488 693 filiis
1514 653 1622 704 suis,
1655 653 1848 705 rogauit-

199 738 300 779 que,
346 728 393 766 vt
432 724 517 765 sibi
557 729 814 766 occurreret
846 725 893 765 in
928 725 1098 778 Lybek.
1162 725 1265 775 Quo
1298 726 1409 765 dum
1443 739 1520 766 rex
1553 726 1849 778 peruenisset,

198 797 446 850 imperator
484 810 588 837 eum
629 797 949 838 decentissime
989 798 1202 851 amplexu
1246 801 1287 837 et
1319 798 1477 838 osculo
1511 802 1752 838 veneratus
1785 802 1850 838 est

198 872 334 923 atque
366 869 548 910 dextera
581 869 678 910 eius
709 870 996 923 apprehensa
1030 882 1109 922 per
1141 869 1291 910 media
1325 873 1471 910 castra
1504 870 1705 921 deduxit,
1755 883 1849 923 pre-

199 941 327 982 conis
367 954 494 982 more
533 946 723 982 cunctos
765 942 805 982 ei
845 941 900 982 de
942 941 1013 982 via
1062 942 1220 982 cedere
1265 941 1481 982 iubendo.
1545 943 1850 983 Accurrerunt

199 1017 351 1054 autem
399 1026 560 1054 omnes
606 1000 780 1068 (auide)
827 1015 884 1055 ad
931 1014 1182 1055 videndum
1229 1025 1403 1066 regem,
1460 1015 1520 1054 ita
1567 1015 1690 1068 quod
1739 1015 1850 1055 alter

201 1085 386 1126 alterius
427 1086 672 1127 humerum
717 1087 1062 1137 conscenderet,
1110 1087 1496 1140 appellabantque
1535 1087 1661 1128 hunc
1699 1099 1848 1139 regem

200 1162 241 1199 et
272 1157 460 1210 dignum
496 1158 704 1212 imperio,
752 1159 964 1200 Cesarem
1007 1172 1114 1200 vero
1156 1159 1364 1211 regulum
1405 1163 1446 1199 et
1488 1159 1848 1200 homuncionem

200 1231 439 1271 vocabant.
502 1231 708 1271 Tandem
751 1243 855 1271 eum
896 1231 942 1271 in
983 1231 1230 1272 tentorium
1266 1244 1401 1272 suum
1434 1231 1628 1282 induxit,
1675 1231 1851 1272 fauora-

200 1302 372 1357 bilique
425 1303 737 1344 collocucione
785 1304 939 1343 habita
989 1317 1092 1344 eum
1141 1303 1337 1355 dimisit,
1388 1304 1535 1344 tocius
1581 1304 1850 1344 Alemannie

200 1374 437 1416 iuuentute
484 1376 814 1416 honorabiliter
861 1375 1120 1417 comitante.
1193 1376 1406 1430 Sequenti
1455 1376 1527 1417 die
1574 1376 1737 1416 iterum
1787 1376 1850 1417 eis

201 1447 597 1499 conuenientibus,
630 1461 708 1488 rex
739 1448 882 1488 filiam
917 1461 1049 1488 suam
1081 1461 1221 1489 vnam
1254 1448 1377 1489 dedit
1409 1448 1503 1489 filio
1535 1448 1850 1501 imperatoris3

202 1520 390 1560 alteram
435 1520 558 1560 dedit
600 1520 808 1572 Sigfrido,
856 1520 1145 1561 nobilissimo
1192 1520 1350 1561 comiti
1391 1520 1665 1572 Thuringie3
1712 1534 1849 1575 quem

203 1604 358 1632 secum
383 1605 460 1632 rex
484 1592 685 1643 abduxit,
712 1592 997 1647 nupciasque
1025 1592 1122 1633 eius
1142 1592 1332 1633 Sleswik
1355 1593 1562 1645 regaliter
1589 1593 1849 1633 celebrauit.

289 1663 388 1705 1111.
466 1665 573 1705 Post
619 1665 705 1705 hec
750 1665 888 1717 Slaui,
935 1676 1188 1718 repugnare
1219 1665 1521 1716 intendentes,
1568 1664 1709 1706 forcia
1756 1666 1848 1705 duo

202 1739 349 1777 castra
388 1740 695 1789 extruxerunt,
742 1737 817 1778 vbi
859 1749 965 1778 cum
1006 1738 1150 1778 classe
1191 1737 1405 1778 introitus
1436 1738 1483 1777 in
1517 1737 1719 1778 Slauiam
1754 1750 1851 1778 esse

202 1812 389 1862 poterat.
449 1809 584 1859 Quod
617 1823 695 1850 rex
727 1809 921 1850 audiens
953 1810 1100 1850 filium
1134 1823 1270 1850 suum
1307 1811 1540 1850 Kanutum
1573 1822 1678 1850 cum
1713 1810 1852 1850 Abso-

202 1881 306 1922 lone
337 1885 495 1922 contra
527 1894 604 1922 eos
637 1882 781 1929 misit;
813 1882 910 1935 ipse
942 1895 1048 1923 vero
1079 1882 1285 1922 febribus
1309 1882 1571 1935 implicatus
1589 1881 1852 1933 VVorthing-

203 1953 350 2005 burgh
381 1954 613 1994 remansit.
662 1954 748 1995 Sed
778 1955 862 1995 deo
889 1958 1047 2007 agente
1071 1955 1128 1995 ad
1153 1967 1258 1995 eum
1284 1954 1372 1995 cito
1398 1954 1649 2003 redierunt;
1682 1953 1851 2007 quibus

202 2025 490 2078 presentibus
522 2026 832 2067 transitoriam
863 2027 1003 2067 vitam
1037 2027 1314 2067 terminauit.
1364 2026 1506 2068 Cuius
1532 2039 1698 2079 corpus
1719 2025 1852 2078 Ring-

203 2098 335 2138 stadii
367 2098 575 2150 regaliter
607 2103 672 2139 est
703 2099 948 2152 sepultum.

291 2198 323 2232 1.
356 2196 408 2232 ad
440 2206 564 2242 pugn.
596 2200 742 2233 contra
774 2207 912 2243 regem
945 2198 1021 2233 AS.
1093 2198 1127 2233 2.
1160 2198 1322 2233 veniam
1358 2209 1379 2233 a
1411 2207 1506 2243 rege
1537 2197 1614 2233 AS.
1692 2198 1724 2234 3.
1759 2208 1853 2244 pro—

202 2253 370 2289 mittens
409 2253 454 2289 V.
537 2254 674 2290 debite
715 2265 793 2290 om.
834 2255 877 2290 A.
962 2254 1124 2290 adiecto
1165 2246 1210 2299 S3
1258 2255 1402 2290 audito
1443 2255 1487 2291 A.
1568 2255 1600 2290 7.
1642 2254 1767 2291 lubek
1807 2256 1851 2290 A.

204 2310 240 2346 9.
275 2310 419 2346 dextra
453 2310 491 2346 S.
557 2312 617 2347 10.
650 2311 687 2347 ei
719 2322 796 2347 om.
830 2311 870 2347 S.
937 2312 997 2347 11.
1030 2311 1153 2347 auide
1185 2311 1327 2347 addidi
1355 2311 1456 2355 (sine
1487 2322 1566 2358 quo
1596 2322 1764 2358 sequens
1796 2312 1850 2347 ita

202 2368 315 2413 quod
354 2366 462 2403 nihil
502 2367 629 2414 habet,
677 2368 731 2404 ad
774 2369 882 2414 quod
927 2368 1149 2414 referatur).
1240 2369 1294 2404 ita
1342 2369 1455 2414 quod
1495 2368 1581 2413 AS;
1629 2370 1683 2404 ita
1726 2372 1765 2404 vt
1805 2369 1850 2404 V.

205 2424 266 2460 12.
293 2424 538 2461 ascenderet
559 2425 597 2462 S.
662 2426 723 2461 15.
747 2425 1041 2472 colloqucione
1059 2426 1104 2461 V.
1194 2426 1336 2460 habita
1363 2436 1439 2461 om.
1458 2426 1502 2462 A.
1578 2426 1758 2462 almanie
1775 2426 1850 2462 AS.

205 2481 268 2518 16.
310 2482 536 2518 comitante
575 2482 882 2518 honorabiliter
919 2486 958 2518 et
995 2483 1169 2518 honeste
1201 2483 1276 2518 AS.
1366 2482 1517 2518 iterum
1558 2483 1624 2519 die
1662 2483 1701 2519 S.
1791 2483 1851 2519 eis

202 2548 280 2574 om.
312 2538 389 2575 AS.
462 2539 523 2575 18.
556 2539 708 2575 comite
739 2540 784 2575 V.
858 2540 1084 2585 thurungie
1117 2539 1157 2575 S.
1230 2540 1292 2575 19.
1324 2539 1497 2575 adduxit
1526 2540 1652 2584 codd,
1685 2540 1850 2576 correxi.

204 2595 388 2631 sleswich
436 2597 481 2632 V.
580 2596 645 2632 20.
693 2597 790 2632 Post
846 2597 927 2632 hoc
973 2596 1113 2641 A(V‘?).
1212 2596 1476 2632 intendentes
1521 2606 1756 2643 repugnare
1802 2597 1846 2632 A.

204 2652 267 2688 21.
300 2656 594 2689 exstruxerunt
626 2654 672 2690 A.
745 2653 973 2689 introhitus
1005 2653 1049 2689 V.
1116 2653 1180 2688 23.
1211 2653 1527 2699 wortingburch
1561 2654 1613 2698 A3
1645 2654 1852 2699 wording-

203 2709 336 2755 borgh
363 2710 402 2746 S.
467 2711 531 2745 24.
561 2710 803 2756 redigerunt
827 2711 872 2746 A.
936 2710 998 2745 25.
1024 2706 1210 2756 ringstab
1229 2709 1293 2746 VS
1323 2710 1576 2756 (Ringstadis
1601 2709 1850 2756 Lanyebek>3

203 2778 420 2824 ringstadh
452 2779 524 2829 A,
558 2778 622 2815 26.
653 2778 700 2814 In
724 2779 910 2824 maryine
934 2778 966 2813 A
998 2778 1164 2813 additur
1191 2789 1318 2813 manu
1347 2779 1398 2814 1.:
1432 2766 1696 2815 n1⁰.c⁰.lx:‘}xls.
1760 2778 1853 2814 Post

203 2834 427 2881 sepultum,
473 2835 581 2882 quod
619 2835 659 2871 in
703 2835 833 2871 medio
874 2845 988 2871 versu
1027 2835 1060 2870 A
1103 2834 1233 2880 habet,
1282 2835 1513 2871 rubricator
1548 2835 1633 2871 haec
1673 2836 1848 2881 scripsit:

204 2892 286 2927 Ista
326 2892 454 2938 Sax(!)
502 2903 584 2928 non
632 2893 769 2938 ponit;
815 2902 904 2938 quae
951 2892 1005 2928 ad
1045 2891 1251 2938 sequentia
1289 2892 1435 2928 scilicet
1476 2892 1594 2928 verba
1637 2892 1848 2938 pertinent.

205 2948 311 2984 Nam
351 2949 421 2985 illa
476 2949 617 2985 omnia
656 2949 898 2995 epitomator
937 2959 986 2985 ex
1024 2948 1254 2984 Annalibus
1286 2948 1512 2995 Ryensibus
1543 2949 1580 2985 11.
1615 2949 1637 2984 I.
1670 2949 1848 2994 inseruit,

206 3004 333 3041 verbis
373 3008 507 3042 tamen
545 3006 846 3052 aliquantulum
889 3005 1053 3041 mutatis
1092 3007 1127 3041 et
1164 3005 1281 3041 aliter
1310 3006 1528 3050 ordinatis;
1570 3006 1852 3052 praecipueque

204 3062 488 3098 adnotandum
534 3066 607 3107 est,
671 3074 762 3099 eum
808 3074 956 3098 nomen
1005 3063 1210 3098 Mectildis
1257 3063 1478 3107 addidisse,
1540 3074 1664 3108 quam
1711 3065 1853 3098 auctor

205 3118 430 3155 Annalium
474 3119 602 3155 verbis
639 3120 820 3166 quedam
854 3120 1005 3156 mulier
1035 3120 1277 3162 Teutonica‚
1324 3120 1406 3155 filia
1446 3120 1616 3166 dyaboli
1656 3120 1849 3165 designat.

1878 951 1918 981 10

1880 1313 1919 1343 15

1878 1675 1920 1706 20

1878 2039 1921 2069 25
