2150 3584
731 214 821 247 nvo
853 217 1050 246 (ιΑιιΜιΝΛ
1083 216 1322 247 fflSTORICA
1766 208 1848 247 483

316 337 408 374 tota
441 333 572 374 turba
606 332 869 386 dissipatur,
1066 331 1139 373 14.
1179 332 1400 384 Regnum,
1433 333 1503 372 cui
1538 332 1802 373 dominatur

316 405 441 446 nulla
475 409 607 445 erunt
639 417 870 458 prospera.
1177 417 1302 457 puer,
1336 405 1641 454 maledicitur,

318 477 524 518 presules
558 480 664 517 sunt
696 476 894 529 pugiles3
1176 477 1297 529 quod
1332 476 1534 516 diuisum
1569 477 1814 527 desolatur,

315 549 509 602 fragiles,
542 548 777 589 instabiles
1175 549 1281 589 dolo
1316 561 1422 589 mox
1455 549 1764 589 confunditur.

315 622 528 662 satellites
561 621 748 669 milites;
1176 620 1297 670 Quid
1332 625 1397 661 est
1429 621 1473 660 in
1509 625 1562 672 te,
1600 621 1753 668 Dacia,

314 694 487 735 debiles
520 693 710 742 nobiles,
1176 692 1263 732 nisi
1295 693 1510 744 auaricia,

314 779 430 820 quos
461 769 675 807 excecant
710 778 913 806 munera.
1175 764 1372 812 malicia,
1406 765 1597 816 fallacia,

1174 836 1388 888 ambicio,
1422 838 1657 890 prodicio‘?

201 879 276 922 13.
313 881 371 921 At
390 881 594 922 Jacobus
621 880 747 933 Split,
777 879 988 933 Ripensis
1175 909 1340 950 Omnis
1374 910 1442 949 lex
1476 910 1736 962 expellitur,

313 953 517 1006 pontifex
548 953 766 1005 egregius,

313 1029 356 1066 et
387 1025 552 1075 Sueno,
586 1024 878 1065 Arhusiensis
1063 1023 1135 1064 15.
1175 1023 1275 1073 Que
1301 1024 1538 1076 quondam
1558 1028 1651 1064 erat
1669 1025 1848 1076 ancilla,

312 1097 530 1139 dominus
562 1096 771 1146 eximius,
1174 1108 1299 1136 nunc
1331 1099 1397 1136 est
1428 1095 1508 1136 tibi
1541 1096 1751 1143 domina;

312 1174 508 1211 rectores
540 1170 728 1210 ecclesie
1174 1172 1345 1221 regnat,
1368 1168 1486 1220 viget
1512 1169 1640 1221 plebs
1670 1169 1849 1222 pusilla,

311 1242 513 1283 fautores
544 1241 736 1293 iusticie,
1173 1244 1252 1282 tua
1284 1244 1433 1281 terens
1465 1241 1669 1292 agmina,

311 1327 509 1361 veraces,
541 1316 754 1366 audaces,
1176 1317 1218 1354 et
1249 1317 1384 1354 natus
1417 1326 1470 1353 ex
1502 1314 1654 1364 latere,

312 1391 568 1439 suaserunt,
601 1390 788 1439 egerunt
1176 1387 1292 1426 duce
1325 1386 1501 1439 pollens
1534 1398 1748 1439 paupere,

312 1459 530 1501 omnibus
563 1459 808 1500 valencius.
1176 1458 1453 1511 comprimit,
1486 1458 1713 1511 deprimit,

216 1610 225 1613 „
287 1590 355 1635 12,
373 1589 407 1626 3.
440 1589 576 1633 turba,
622 1588 703 1625 scil.
734 1587 1016 1625 subiectorum.
1065 1609 1119 1614 ——
1166 1588 1201 1624 5.
1234 1581 1492 1635 presules':
1515 1587 1701 1633 episcopi,
1735 1588 1850 1623 eccle-

196 1648 353 1683 siarum
400 1648 592 1690 1·ectores,·
637 1646 706 1682 sed
750 1646 849 1692 quid
893 1648 1036 1681 auctor
1077 1645 1324 1692 coqitauerit,
1379 1645 1414 1680 si
1458 1645 1505 1680 de
1550 1645 1614 1680 sui
1661 1645 1850 1690 temporis

196 1704 392 1750 episcopis
437 1703 524 1739 Iioec
566 1702 755 1749 loquitur,
803 1703 948 1748 neseio,
998 1703 1077 1739 nisi
1119 1701 1225 1748 forte
1272 1702 1477 1738 Tukonem
1523 1701 1849 1748 Burylanensem

196 1763 320 1798 notat.
356 1783 408 1786 —
449 1762 482 1797 6.
516 1760 696 1806 fragiles,
724 1759 815 1806 fort.
839 1775 883 1791 z
908 1759 1051 1805 i9naui
1081 1763 1118 1796 et
1148 1759 1339 1806 infideles.
1371 1780 1422 1785 -—
1460 1760 1494 1794 7.
1527 1759 1725 1795 satellites
1758 1769 1849 1795 cum

196 1820 426 1864 contemptu
473 1817 649 1864 quodam
695 1815 1043 1866 (»Lejesvende«)
1095 1817 1248 1853 milites
1294 1817 1588 1862 (›Ridderne«,
1643 1816 1713 1862 qui
1766 1816 1851 1862 reyi
1902 1845 1907 1848 .

195 1873 440 1923 seruiebant)
470 1875 537 1911 hic
566 1875 646 1910 dici
678 1874 875 1911 videntur.
910 1896 964 1901 —
997 1876 1031 1911 8.
1066 1874 1228 1911 nobiles
1252 1890 1296 1905 -—-
1315 1884 1513 1920 proceres,
1548 1873 1764 1919 principes.
1796 1894 1851 1898 —

197 1933 232 1969 9.
271 1944 380 1979 quos
421 1935 620 1968 excecant
659 1943 848 1976 munera,
895 1931 918 1968 i.
957 1943 986 1968 e.
1027 1931 1100 1978 qui
1134 1943 1174 1967 se
1211 1931 1389 1978 pecunia
1420 1931 1630 1976 corrumpi
1660 1931 1808 1966 sinunt.

202 1990 268 2035 13,
290 1992 322 2026 1.
354 1991 403 2025 At
434 1989 668 2025 addendum
700 1989 850 2035 censui,
898 2000 991 2025 cum
1024 1991 1176 2033 auctor,
1225 1989 1295 2036 qui
1334 1991 1480 2025 ceteros
1515 1987 1720 2033 episcopos
1753 1988 1850 2023 vitu-

192 2047 367 2093 perauit,
411 2046 484 2082 lios
515 2047 616 2082 duos
648 2057 667 2082 e
697 2046 902 2082 contrario
934 2046 1078 2082 laudet.
1112 2067 1165 2072 ——
1204 2046 1388 2082 Jacobus
1422 2045 1527 2092 Split
1557 2043 1633 2093 (vel
1665 2043 1852 2092 Splittaf)

196 2103 406 2150 episcopus
431 2104 618 2149 Ripensis
649 2104 794 2140 electus
825 2104 882 2139 est
903 2114 1016 2139 anno
1043 2102 1163 2149 1327,
1197 2104 1350 2147 Sueno,
1381 2104 1607 2150 episcopus
1637 2101 1703 2150 (ε
1720 2102 1851 2137 domi—

197 2163 291 2206 nus)
334 2161 572 2197 Arusiensis
616 2160 708 2206 fort.
748 2171 860 2196 anno
900 2159 1016 2197 1326.
1079 2161 1113 2196 H
1153 2160 1262 2196 lianc
1299 2163 1439 2196 notam
1487 2160 1618 2195 addit:
1668 2159 1718 2194 Hi
1766 2159 1850 2194 duo

195 2221 490 2265 opposuerunt
518 2229 562 2254 se
579 2218 849 2254 Woldemaro
875 2221 914 2254 et
939 2218 1172 2262 Gerhardo,
1202 2218 1431 2263 scimusque
1462 2228 1526 2253 eos
1558 2217 1699 2252 saltem
1733 2216 1849 2252 initio

195 2275 383 2311 seditioni
433 2274 656 2311 nobilitatis
709 2277 745 2311 et
794 2274 923 2321 plebis
967 2274 1145 2311 Jutensis
1202 2286 1314 2311 anno
1362 2274 1466 2311 1328
1514 2273 1633 2320 factae
1676 2272 1850 2318 fauisse,-

195 2334 382 2373 ceterum.
427 2332 526 2379 quid
555 2332 770 2378 suaserint,
812 2332 910 2378 quid
940 2334 1094 2378 eyerint
1126 2333 1188 2378 (ut
1217 2332 1366 2368 dicitnr
1396 2343 1429 2367 υ.
1465 2331 1518 2376 8),
1553 2330 1762 2366 nescimus.
1796 2351 1849 2355 —-

198 2389 232 2425 6.
266 2389 453 2425 fautores
481 2400 560 2435 pro
588 2389 807 2435 participio
839 2389 1041 2425 fauentes.
1068 2411 1119 2414 —
1147 2390 1183 2426 9.
1211 2389 1447 2425 valentibus
1474 2389 1520 2431 B,
1549 2387 1644 2433 fort.
1673 2398 1817 2423 errore.
1840 2383 1852 2422 ll

200 2447 408 2492 14‚1—-2.
452 2446 992 2493 Regnum..maledicitur:
1039 2446 1201 2493 respicit
1244 2448 1387 2482 auctor
1428 2446 1559 2481 Iocum
1604 2444 1851 2480 Ecclesiastae

195 2514 281 2549 cap.
316 2503 380 2549 10,
416 2503 486 2540 16:
531 2504 601 2539 Vae
631 2503 719 2549 tibi,
765 2507 888 2548 terra,
935 2504 1057 2540 cuius
1097 2515 1170 2540 rex
1202 2514 1308 2550 puer
1340 2506 1413 2547 est,
1453 2503 1556 2538 sicut
1594 2502 1636 2538 in
1677 2512 1707 2537 1).
1743 2501 1849 2537 3-4

197 2561 328 2596 Iocum
360 2571 503 2606 euany.
530 2560 649 2596 Lucoe
674 2571 759 2606 cap.
778 2560 841 2607 XI,
871 2560 940 2599 17:
975 2561 1108 2597 Omne
1140 2570 1315 2607 regnum
1348 2561 1389 2596 in
1423 2571 1466 2596 se
1499 2560 1636 2606 ipsum
1666 2558 1849 2594 diuisum

196 2617 470 2661 desolabitur,
516 2621 556 2654 et
587 2618 739 2654 domus
771 2629 901 2665 supra
935 2618 1108 2654 domum
1141 2618 1271 2654 cadet.
1317 2639 1368 2643 —
1416 2618 1449 2653 7.
1484 2616 1648 2652 malicia
1671 2630 1716 2647 z:
1740 2615 1850 2651 mala

194 2674 406 2711 calliditas.
451 2669 463 2726 ΙΙ
514 2675 580 2720 15,
602 2676 635 2711 1.
677 2678 766 2711 erat
803 2676 854 2720 Α;
903 2674 981 2711 fuit
1013 2676 1060 2711 H.
1130 2675 1218 2719 Que
1259 2678 1348 2711 erat
1389 2674 1560 2710 ancilla:
1609 2673 1853 2717 intelleyitur

199 2731 399 2775 Holsatia,
444 2732 542 2768 olim
582 2731 720 2768 Dacioe
757 2731 957 2777 subiecta;
1003 2732 1141 2768 minus
1187 2735 1289 2768 recte
1329 2733 1363 2768 H
1411 2731 1450 2767 in
1491 2733 1606 2766 nota:
1655 2730 1851 2775 Intelligit

198 2789 354 2825 Ducem
394 2789 684 2835 Synderiutiae.
748 2789 855 2825 Idem
897 2789 1155 2836 si9nificatur
1192 2801 1226 2825 v.
1270 2789 1293 2825 3
1343 2788 1471 2825 verbis
1517 2787 1636 2834 plebs
1677 2786 1850 2833 pusilla:

199 2845 288 2882 »det
319 2846 435 2892 ringe
468 2845 827 2883 Undersaatfolk«.
860 2867 913 2872 ——
947 2847 982 2883 4.
1015 2850 1085 2882 tua
1118 2849 1257 2882 terens
1290 2846 1466 2892 agmina,
1507 2847 1550 2880 ut
1576 2843 1732 2890 sactum
1766 2846 1852 2879 erat

197 2902 280 2938 iam
326 2913 438 2938 anno
479 2903 585 2940 1326
632 2903 673 2939 in
715 2903 921 2949 Selandia,
968 2906 1006 2939 et
1047 2903 1203 2950 factum
1250 2905 1307 2939 est
1351 2903 1457 2939 1328
1502 2904 1540 2937 et
1586 2900 1693 2937 1329
1740 2900 1851 2946 apud

194 2958 362 2996 Slesuik.
405 2981 457 2986 -—
504 2961 540 2997 5.
575 2964 698 2996 natus
729 2970 778 2996 ex
809 2961 960 2997 latere:
1013 2964 1076 2997 »et
1108 2960 1314 2997 Sideskud
1345 2959 1405 3008 (af
1432 2955 1849 3005 Kongestammen)«;

195 3016 366 3052 adnotat
404 3017 461 3053 H:
509 3017 704 3063 Intelligit
735 3017 1051 3054 Woldemarum
1094 3028 1231 3064 nuper
1274 3017 1462 3053 electum.
1509 3036 1565 3041 —
1612 3016 1648 3051 6.
1691 3015 1848 3050 duce..

197 3083 395 3120 paupere,
428 3074 451 3110 i.
482 3084 512 3110 e.
543 3074 686 3110 comite
719 3073 908 3120 Ge1ardo,
941 3074 1055 3111 cuius
1084 3074 1383 3121 patrimonium
1417 3073 1609 3120 exiguum
1642 3074 1737 3108 erat.
