2150 3584
69 1073 108 1105 10

66 1434 105 1466 15

59 1854 101 1886 20

57 2216 99 2247 25

471 197 688 226 SVENONJS
719 198 910 227 Aocoms
944 200 1046 227 rimi
1082 200 1163 228 Lex
1196 200 1463 230 CASTRENSIS
1728 191 1781 230 85

941 311 980 372 S

141 416 228 457 tale
265 417 495 469 negotium
535 418 689 459 minus
730 418 950 472 exquisite
990 418 1217 459 maiorum
1257 425 1516 461 nostrorum
1550 422 1778 462 taxatione

140 488 379 529 definitum
420 490 487 541 sit,
534 504 669 544 opere
710 491 889 532 uidetur
921 491 1130 544 pretium,
1178 495 1226 531 ut
1264 493 1454 545 posteris
1492 494 1656 533 nostris
1688 507 1778 534 cer-

140 564 234 601 tum
269 561 590 604 satisfactionis
624 564 813 604 modum
847 563 1197 616 prescribamus.
1253 564 1316 603 Sit
1348 576 1452 616 ergo
1486 578 1600 618 pena
1634 567 1777 606 omni-

139 633 224 674 hus
251 635 494 675 constituta
520 636 875 688 successoribus,
903 649 990 689 que
1016 635 1085 676 sui
1110 636 1269 688 rigoris
1295 636 1457 677 timore
1481 638 1775 691 delinquendi

138 706 376 746 audaciam
411 711 652 749 coerceat«
703 708 862 748 Totius
893 707 1026 760 igitur
1059 708 1182 748 curie
1214 721 1418 760 assensu,
1452 710 1566 761 regis
1600 711 1774 751 Nicolai

136 778 442 833 conniuentia‚
490 793 610 820 noue
654 780 991 821 constitutionis
1040 780 1307 820 sententiam
1359 782 1679 834 p1·omulgauit‚
1730 787 1776 823 ut

136 849 318 902 scilicet,
354 851 432 906 qui
464 856 816 906 presumptuosa
847 853 1038 893 audacie
1069 853 1319 893 temeritate
1352 854 1633 906 precedentis
1667 855 1774 907 legis

135 923 519 976 constitutionem,
552 924 596 964 id
629 929 694 965 est
723 924 999 978 Witherloqh,
1031 925 1392 966 commilitonem
1425 939 1560 966 suum
1587 927 1774 967 uulnere

134 994 326 1035 ledendo
366 995 412 1036 in
451 1000 681 1049 posterum
724 998 927 1050 uiolaret,
973 997 1065 1050 regi
1106 997 1404 1051 quadraginta
1440 1011 1617 1038 marcas
1650 999 1775 1040 satis-

133 1065 342 1107 factionis
373 1068 473 1109 loco
507 1073 788 1119 numeraret3
820 1070 984 1110 deinde
1015 1069 1094 1123 illi,
1127 1070 1200 1110 cui
1232 1069 1399 1110 iniuria
1425 1075 1541 1111 esset
1563 1071 1771 1123 irrogata,

133 1139 432 1193 quadraginta
479 1153 656 1181 marcas
703 1142 880 1182 soluere
926 1146 1166 1192 teneretur,
1213 1142 1402 1194 adiecto,
1449 1142 1495 1182 in
1537 1144 1772 1184 dedecoris

132 1211 201 1251 sui
233 1217 545 1264 augmentum,
577 1215 778 1267 pondere
810 1215 1006 1255 duarum
1035 1215 1133 1254 auri
1160 1227 1434 1265 marcarum,
1467 1216 1587 1268 quod
1617 1220 1771 1257 nostro

131 1283 242 1324 solet
273 1284 488 1326 idiomate
523 1285 705 1326 G6rsum
739 1286 1019 1340 nuncupari;
1067 1286 1295 1327 uniuersis
1336 1300 1518 1340 quoque
1551 1288 1772 1329 commili-

130 1355 316 1396 tonibus
347 1357 550 1398 eiusdem
582 1358 691 1411 legis
722 1359 862 1400 federi
894 1359 1089 1400 astrictis
1110 1358 1241 1399 tertio
1267 1359 1568 1412 quadraginta
1592 1373 1770 1401 marcas

131 1428 476 1481 compositionis
508 1442 612 1483 ergo
644 1431 934 1484 persolueret.

214 1557 436 1601 Successu
478 1573 587 1602 uero
624 1564 900 1614 temporum,
947 1565 997 1601 ut
1034 1573 1212 1614 semper
1255 1561 1301 1600 in
1343 1562 1518 1601 malum
1551 1562 1769 1615 procliuis

129 1634 194 1671 est
231 1631 436 1673 humana
467 1632 682 1685 conditio,
728 1633 851 1685 Aggo
883 1633 1038 1673 Thuer
1069 1633 1311 1685 Eskillum‚
1360 1633 1566 1674 Ebbonis
1605 1633 1767 1686 filium,

127 1702 174 1743 in
205 1703 457 1746 Warvvath
488 1705 696 1746 functum
730 1705 1023 1758 uillicatione,
1062 1705 1108 1745 in
1143 1706 1310 1757 Burgh‚
1351 1705 1395 1746 in
1431 1706 1511 1746 ede
1544 1706 1766 1747 Guidonis

127 1775 376 1829 stabularii,
424 1778 509 1818 sub
555 1778 720 1818 ascella
769 1777 944 1818 Nicolai
990 1777 1106 1830 regis
1152 1778 1425 1818 uulnerauit.
1498 1779 1601 1829 Quo
1647 1779 1765 1820 facto

126 1860 203 1888 rex
260 1849 554 1891 uehementer
608 1850 862 1891 concitatus
925 1862 1028 1891 cum
1085 1863 1230 1903 prona
1282 1850 1491 1891 omnium
1545 1851 1767 1891 commili—

125 1923 284 1961 tonum
347 1923 582 1963 uoluntate
643 1922 869 1976 prefatum
922 1923 1153 1975 Aggonem
1215 1922 1489 1976 capiendum
1551 1924 1764 1976 decreuit,

127 1992 333 2034 Guidone
371 1995 605 2035 resistente
643 1999 685 2035 et
724 1995 1075 2036 contradicente.
1139 1995 1256 2035 Nam
1297 1999 1338 2034 et
1373 1996 1566 2036 eundem
1602 1996 1765 2036 obtulit

126 2065 445 2107 satisfactionis
498 2068 711 2120 modum,
773 2081 864 2121 quo
919 2067 1250 2109 Christiernum
1309 2067 1579 2108 satisfecisse
1625 2081 1762 2121 supra

126 2137 334 2189 memini3
381 2140 504 2192 quod
550 2140 735 2194 quidem
783 2141 829 2180 in
874 2141 1055 2193 Lynum
1103 2139 1225 2192 apud
1274 2140 1359 2192 Bo,
1406 2139 1550 2180 filium
1599 2140 1762 2193 Ketilli,

124 2209 293 2251 factum
326 2224 423 2252 esse
454 2212 729 2265 perhibetur.
793 2213 900 2253 Post
930 2213 1028 2265 hec,
1063 2212 1447 2265 subsequentibus
1477 2213 1762 2266 temporibus

124 2283 514 2324 crebrescentibus
545 2284 692 2336 malis,
736 2285 976 2326 memorati
1008 2284 1213 2325 criminis
1246 2284 1493 2325 satisfactio
1525 2285 1580 2325 ad
1615 2298 1761 2325 exem-

123 2354 250 2407 plum
282 2355 428 2409 prime
460 2356 783 2397 satisfactionis
822 2357 1036 2410 deinceps
1080 2356 1283 2396 instituta
1316 2356 1399 2396 fuit
1432 2361 1473 2397 et
1505 2357 1639 2409 longo
1673 2371 1758 2398 usu

123 2427 398 2469 continuata.

810 2623 934 2665 CAP.
967 2624 1064 2665 XII.

530 2711 610 2751 DE
643 2711 779 2753 ICTV
813 2712 889 2752 ET
924 2711 1345 2754 PERCVSSIONE.

212 2781 466 2867 Attamen,
515 2818 550 2858 si
589 2831 725 2871 quem
765 2817 1125 2859 commilitonem
1165 2832 1301 2859 suum
1343 2819 1562 2860 irritando
1603 2831 1755 2872 pugno

55 2890 96 2922 30
121 2889 191 2928 uel
238 2890 440 2942 quolibet
484 2891 573 2931 telo
619 2895 852 2944 percutere
899 2890 1153 2942 contigerit,
1207 2891 1371 2931 ueteris
1418 2892 1754 2932 constitutionis
