2150 3584
477 227 770 256 COMPENDIVM
806 226 1003 256 SAxoNJs.
1054 228 1107 255 fix
1142 228 1224 255 Lm.
1260 229 1321 256 ini
1639 218 1719 257 253

76 343 335 398 pertulerat,
369 345 460 382 tam
494 340 665 382 motiue
699 341 953 394 perorabat,
990 345 1033 382 vt
1067 341 1236 381 inultos
1267 342 1322 382 ad
1359 342 1721 394 miseracffinem,

75 415 296 470 plurimos
329 414 472 455 eciam
506 413 560 453 ad
592 413 805 454 lacrimas
834 413 1097 454 commouit.
1147 414 1352 454 Tandem
1382 414 1508 454 finito
1534 428 1722 465 merore,

75 487 213 529 alacri
246 486 457 528 oninium
501 485 840 526 acclamacione
883 485 926 525 in
961 496 1110 537 regem
1145 486 1442 533 sublimatur,
1490 499 1594 526 nani
1630 499 1721 527 oni-

78 560 213 601 nibus
246 560 300 600 de
334 558 431 599 eius
463 558 686 598 industria
721 558 922 598 maxima
957 571 1060 611 spes
1093 563 1365 608 accreuerm,
1398 558 1474 611 qui
1503 562 1562 598 tot
1590 559 1723 599 annis

79 632 290 673 simulate
323 645 369 672 se
401 635 612 682 gesserat,
658 634 701 670 vt
745 631 800 670 ad
844 630 1064 670 intentum
1111 630 1378 683 perueniret.
1460 631 1556 670 Hiis
1589 631 1723 681 gestis
1751 642 1768 669 5

77 717 182 746 cum
209 704 356 745 tribus
383 703 581 743 nauibus
612 702 846 743 adornatis
873 706 1201 756 assumptaque
1221 702 1493 755 probissima
1515 704 1723 744 societau¹

81 778 123 818 in
162 776 412 817 Britaniam
447 779 513 816 est
544 788 776 825 reuersus3
824 775 939 815 inter
980 779 1126 816 cetera
1167 788 1272 815 vero
1306 775 1591 829 sollempnia,
1638 790 1724 828 qu(-

76 862 231 891 seeum
275 848 459 899 habuit,
502 847 637 900 gessit
681 848 901 901 clipeum,
949 847 992 887 in
1034 861 1126 901 quo
1165 860 1326 888 omnes
1360 852 1549 887 euentus
1583 848 1649 888 sui
1685 852 1725 888 et

76 921 312 973 notabilia,
360 934 447 975 que
495 921 673 971 fecerat,
720 921 775 960 de
822 920 991 974 quibus
1039 920 1128 960 iam
1173 919 1343 960 dictum
1394 925 1479 971 est,
1528 920 1724 961 mirabili

76 994 257 1047 ingenio
291 993 455 1047 depicti
491 996 629 1033 erant.
694 993 778 1034 Sed
813 997 854 1033 et
887 992 1076 1034 comites
1109 992 1252 1046 ipsius
1288 997 1462 1033 tantum
1496 993 1726 1033 deauratis
1756 1004 1794 1034 10

76 1067 233 1121 clipeis
264 1067 518 1107 vtebantur.

163 1139 216 1180 ΙΙ.
292 1140 383 1180 Rex
434 1152 538 1179 vero
587 1138 786 1179 Britanie
834 1151 910 1179 eos
958 1138 1174 1179 letissime
1221 1138 1442 1191 suscepit:
1490 1142 1624 1191 atque
1671 1139 1724 1177 de

77 1216 193 1253 statu
228 1211 362 1252 amici
397 1211 465 1251 sui
503 1211 729 1264 Fengonis
762 1211 877 1252 inter
916 1211 1075 1264 epulas
1114 1210 1398 1262 interrogans
1439 1211 1723 1251 interfectum

78 1285 135 1326 ab
187 1284 396 1325 Ambleto
451 1283 680 1324 intellexit.
772 1284 876 1334 Quo
934 1283 1090 1324 audito
1145 1283 1382 1337 obstupuit
1445 1287 1627 1336 propter
1681 1283 1722 1323 id

78 1357 290 1408 maxime,
337 1357 460 1410 quod
501 1356 598 1396 eius
637 1360 831 1397 mortem
871 1356 917 1397 in
957 1355 1193 1409 proprium
1234 1367 1451 1408 generum
1493 1355 1725 1396 vindicare
1756 1367 1793 1398 15

77 1430 281 1479 deberet;
329 1428 626 1470 condixerant
672 1428 793 1469 enim
842 1428 957 1469 inter
1003 1442 1049 1469 se
1097 1429 1250 1480 Fengo
1298 1432 1338 1469 et
1386 1442 1461 1468 rex
1510 1428 1722 1479 Britanie,

77 1503 200 1556 quod
241 1505 470 1555 superstes
512 1513 670 1541 necem
717 1501 902 1541 alterius
948 1501 1210 1542 vindicaret.
1283 1501 1547 1554 Excogitato
1588 1501 1722 1554 igitur

78 1573 270 1615 consilio
301 1573 480 1626 rogauit
511 1573 786 1621 Ambletu1n‚
835 1577 879 1614 vt
920 1575 976 1614 ad
1009 1573 1213 1626 reginam
1247 1573 1402 1614 Scocie
1441 1573 1721 1627 legacionem

78 1646 164 1687 sibi
195 1649 460 1697 assumeret,
507 1658 607 1686 eam
641 1659 723 1699 pro
756 1646 855 1699 ipso
889 1650 1174 1699 procaturus,
1221 1659 1273 1687 eo
1313 1647 1435 1699 quod
1476 1660 1588 1687 vxor
1626 1647 1723 1687 eius

78 1718 257 1759 nouiter
302 1718 395 1759 iam
443 1718 587 1759 fuerat
633 1719 867 1769 defuncta3
916 1719 1086 1760 sciebat
1132 1718 1254 1759 enim
1302 1719 1470 1759 dictam
1518 1719 1719 1771 reginam
1750 1731 1791 1760 20

78 1804 239 1832 omnes
271 1804 434 1844 procos
465 1804 571 1832 suos
604 1791 710 1832 odio
743 1791 924 1843 hahere,
966 1805 1050 1833 nec
1080 1791 1280 1845 aliquem
1315 1805 1565 1845 superesse,
1611 1792 1722 1846 quin

79 1876 158 1917 per
189 1876 290 1905 eam
322 1863 468 1917 capite
499 1868 799 1905 truncaretur.
862 1864 1120 1918 Assumptis
1153 1864 1287 1917 igitur
1319 1864 1454 1905 sociis
1486 1865 1723 1905 Ambletus

79 1935 403 1989 p1·oficiscitur;
436 1940 570 1990 atque
602 1938 713 1977 dum
747 1950 888 1990 prope
920 1937 1095 1978 curiam
1121 1937 1271 1989 regine
1295 1941 1424 1987 esset,
1457 1937 1501 1977 in
1530 1937 1722 1990 pulchro

79 2012 209 2061 prato
240 2009 297 2049 ad
330 2009 661 2063 quiescendum
694 2023 740 2050 se
772 2010 996 2063 deposuit.
1054 2010 1220 2050 Audito
1253 2009 1487 2062 hospitum
1520 2010 1723 2050 aduentu

78 2081 232 2133 regina
264 2082 423 2123 decem
454 2082 645 2123 iuuenes
673 2082 836 2134 emisit,
869 2082 946 2136 qui
972 2082 1175 2135 hospites
1199 2086 1241 2123 et
1265 2095 1424 2122 eorum
1450 2086 1721 2135 apparatum
1750 2093 1792 2123 25

78 2153 376 2206 explorarent.
440 2154 650 2205 Quorum
698 2168 815 2195 vnus
857 2154 1054 2208 clipeum
1098 2155 1294 2195 Ambleti
1342 2155 1397 2194 ad
1446 2158 1583 2207 caput
1628 2154 1724 2195 eius

79 2225 279 2278 positum
320 2239 374 2267 ac
411 2227 581 2268 litteras
620 2227 867 2279 legacionis
907 2227 1004 2268 eius
1046 2227 1101 2268 de
1133 2227 1295 2268 loculis
1327 2226 1490 2267 callide
1522 2231 1724 2280 receptas

78 2299 135 2339 ad
177 2299 380 2351 reginam
421 2300 701 2353 deportauit3
748 2303 793 2340 at
824 2299 937 2353 ipsa,
981 2299 1219 2352 diligenter
1250 2299 1448 2353 clipeum
1482 2303 1523 2340 et
1555 2299 1725 2340 litteras

79 2371 389 2424 considerans,
429 2385 505 2413 eos
536 2371 698 2412 referre
728 2372 940 2426 precepit.
1005 2371 1241 2424 Euigilans
1272 2371 1453 2412 interim
1487 2372 1724 2413 Ambletus

79 2442 243 2484 iterum
276 2457 524 2498 sompnum
558 2444 813 2493 simulauit;
849 2448 985 2497 atque
1019 2444 1351 2498 exploratorem
1385 2445 1582 2497 clipeum
1616 2444 1724 2485 refe·
1750 2455 1792 2485 30

168 2569 202 2604 1.
237 2572 319 2605 tam
353 2572 514 2605 mature
547 2571 588 2605 A.
663 2569 995 2606 misericordiam
1029 2569 1104 2605 AS.
1175 2570 1210 2606 2.
1246 2570 1451 2613 seruicoo)
1483 2580 1646 2606 merore
1679 2570 1723 2613 S,

81 2626 263 2662 seruitor
309 2627 538 2671 nieroris(!)
586 2628 629 2662 A.
722 2628 756 2663 4.
802 2638 898 2673 spes
946 2627 1124 2662 maxima
1172 2627 1247 2663 AS.
1337 2628 1373 2663 5.
1414 2627 1638 2663 simulante
1678 2627 1725 2671 S;

81 2683 274 2719 simulate
299 2684 478 2720 stulticie
497 2685 539 2720 A.
601 2695 649 2720 ac
674 2684 725 2719 ad
753 2684 797 2720 D.
861 2685 895 2720 6.
921 2686 1135 2730 assumpta
1169 2685 1262 2728 (om.
1289 2687 1384 2730 que)
1409 2683 1462 2729 V;
1494 2687 1726 2731 assumpta-

82 2749 163 2786 que
196 2751 335 2777 secum
370 2741 445 2777 AS.
522 2742 556 2777 7.
589 2752 685 2777 vera
718 2742 762 2777 A.
844 2741 906 2777 10.
939 2741 1065 2787 opicti
1100 2741 1143 2776 D.
1224 2741 1283 2777 13.
1315 2741 1381 2777 sui
1412 2741 1535 2777 amici
1567 2741 1619 2785 A,
1660 2742 1723 2777 sui

83 2807 158 2832 om.
186 2797 226 2833 S.
294 2799 454 2833 14—15.
488 2799 588 2834 illud
618 2810 722 2834 max.
749 2798 793 2834 A.
858 2798 920 2834 16.
954 2798 1063 2833 enim
1090 2808 1167 2834 om.
1192 2798 1230 2834 S.
1295 2798 1357 2834 17.
1393 2798 1451 2834 Ex
1474 2798 1654 2844 cogitato
1681 2799 1725 2834 D.

28 2857 34 2862 '
86 2854 148 2890 18.
184 2857 225 2890 vt
255 2866 333 2890 om.
368 2855 419 2897 A;
462 2857 588 2892 scocie
621 2859 662 2892 vt
692 2866 719 2891 s.
754 2866 785 2890 v.
818 2855 909 2891 add.
940 2855 1030 2900 fort.
1064 2854 1122 2891 Sl.
1189 2856 1248 2892 19.
1282 2859 1534 2902 procaturus
1565 2855 1725 2902 scripsi3

84 2915 389 2956 procuraturus
428 2913 562 2956 codd.,·
610 2913 684 2948 vid.
725 2912 908 2948 narratio
946 2912 1132 2947 Saxonis.
1208 2913 1273 2949 22.
1304 2911 1390 2959 {per
1427 2923 1517 2948 eam
1558 2923 1635 2947 om.
1675 2912 1726 2956 A;

84 2978 173 3003 eam
206 2979 284 3004 om.
316 2969 354 3004 S.
417 2970 479 3005 24.
513 2970 654 3016 posuit
685 2970 728 3005 A.
791 2969 941 3004 Audito
974 2971 1111 3004 auten]
1147 2969 1222 3006 AS.
1286 2970 1349 3005 26.
1382 2969 1433 3005 ad
1465 2972 1591 3015 caput
1623 2969 1657 3005 ei
1686 2970 1724 3005 S.

85 3024 147 3060 27.
180 3025 313 3062 calide
338 3026 383 3070 V,
416 3029 457 3062 ut
488 3027 643 3072 soepius.
718 3027 894 3071 receptis
927 3026 966 3062 S.
1030 3026 1093 3062 29.
1128 3037 1199 3062 eos
1232 3026 1379 3062 referri
1411 3026 1536 3068 codd„
1570 3027 1727 3062 carrea-1·

85 3091 134 3117 ex
162 3081 344 3126 Saxone;
377 3083 445 3119 sed
477 3084 619 3119 melius
647 3083 738 3129 fort.
770 3082 913 3119 scribd.
949 3084 1044 3126 ea(s)
1075 3082 1233 3119 referri.
1308 3083 1370 3119 30.
1405 3083 1645 3129 sompnium
1679 3083 1723 3119 A.
