2150 3584
354 1032 395 1063 10

355 1394 393 1424 15

352 1758 393 1788 20

351 2122 394 2151 25

430 248 511 288 254
765 258 1039 287 SCRIPTORES
1072 259 1298 287 HISTORIAE
1330 258 1506 287 DANICAE
1538 259 1737 287 MINORES

424 376 595 414 rentem
640 371 790 413 subito
833 371 951 424 cepit
992 375 1128 426 atque
1174 371 1441 424 vinculauit,
1488 373 1715 427 sociisque
1762 373 1965 415 excitatis
2011 376 2065 415 ad

423 445 599 486 curiam
631 444 833 485 accessit.
895 443 985 494 Qui
1018 457 1124 485 cum
1156 456 1343 485 causam
1378 444 1625 497 legacionis
1665 445 1852 487 dixisset
1882 446 2069 488 litteras-

423 531 509 570 que
551 516 823 568 tradidisset,
870 516 1106 570 respondit
1146 516 1222 557 illa
1262 530 1308 558 se
1351 518 1548 558 multum
1591 518 1761 571 mirari,
1809 531 1890 559 cur
1927 519 2068 560 homo

422 594 514 630 tam
562 589 729 630 nobilis
772 593 1096 643 tantorumque
1143 602 1336 642 operum
1382 591 1515 631 vellet
1562 590 1841 643 legacionem
1889 604 2069 633 sumere

424 676 505 715 pro
537 662 634 702 viro
667 662 721 702 de
755 661 909 702 seruili
942 661 1213 703 condicione
1246 666 1366 713 nato,
1409 662 1512 703 licet
1543 663 1589 704 in
1621 674 1772 715 regem
1807 663 2068 716 sublimato,

422 748 474 775 ac
522 735 663 775 filiam
711 734 808 775 eius
854 734 1058 788 accipere
1104 734 1151 774 in
1196 747 1403 786 vxorem3
1450 735 1730 790 addiditque,
1780 749 1826 777 se
1871 735 2068 777 Ambleti

422 807 710 860 amplexibus
748 807 949 860 dignam,
996 811 1149 860 vtpote
1190 820 1278 860 que
1317 807 1471 859 regina
1511 812 1627 849 esset
1671 821 1725 849 ac
1766 821 1845 862 per
1881 809 2067 850 thorum

423 893 558 921 suum
591 891 741 932 regem
775 879 921 920 facere
954 883 1118 933 posset.
1182 879 1254 920 Sic
1294 880 1451 921 dicens
1489 880 1642 934 ipsum
1682 881 1939 935 amplexata
1980 885 2067 930 est;

422 952 500 1006 qui
533 965 783 993 econuerso
816 952 861 992 in
895 952 992 993 eius
1025 952 1113 993 ruit
1145 952 1301 993 oscula
1335 952 1527 1006 sibique,
1560 954 1684 1007 quod
1716 953 1893 1006 virgini,
1932 952 2068 1007 placi-

421 1028 516 1065 tum
567 1028 852 1077 protestatur.
917 1024 1091 1066 Deinde
1131 1025 1179 1065 fit
1224 1025 1510 1077 conuiuium,
1557 1029 1873 1067 conuocantur
1917 1025 2068 1077 amici,

422 1097 586 1150 nupcie
620 1101 918 1151 peraguntur,
952 1096 1121 1151 quibus
1153 1097 1341 1151 expletis
1374 1098 1419 1138 in
1453 1097 1704 1138 Britaniam
1737 1111 1842 1139 cum
1876 1097 2068 1150 coniuge

424 1170 734 1210 Hermutruda
767 1169 895 1220 redit,
928 1169 1078 1210 valida
1111 1183 1252 1210 manu
1287 1170 1525 1211 Scotorum
1561 1183 1715 1211 secum
1749 1174 1945 1224 sumpta.

508 1242 584 1283 III.
649 1242 731 1284 Cui
764 1255 1009 1283 occurrens
1042 1256 1153 1283 vxor
1185 1256 1268 1283 sua
1301 1242 1438 1296 prior,
1478 1243 1594 1295 regis
1628 1242 1735 1294 filia,
1776 1243 1977 1295 rogabat,
2008 1246 2067 1295 vt,

421 1314 636 1368 quamuis
676 1328 863 1356 vxorem
905 1315 1044 1355 aliam
1083 1315 1415 1368 superduxerit,
1462 1329 1555 1356 non
1595 1319 1747 1356 tamen
1795 1328 1893 1356 eam
1943 1328 2067 1369 prea-

422 1392 578 1438 maret,
605 1401 791 1428 causam
819 1400 901 1441 pro
927 1401 973 1429 se
999 1388 1215 1440 allegans,
1240 1389 1363 1442 quod
1389 1388 1534 1429 filium
1562 1401 1716 1429 secum
1738 1388 1830 1429 iam
1849 1387 2066 1437 habebat,

421 1460 608 1513 insuper
639 1460 893 1512 admonuit,
936 1464 981 1500 vt
1021 1461 1160 1514 patris
1194 1460 1264 1501 sui
1296 1460 1487 1501 insidias
1520 1464 1795 1514 precaueret.
1857 1459 2067 1503 Occurrit

420 1536 572 1573 autem
635 1545 711 1573 rex
773 1533 993 1584 Britanie,
1062 1545 1370 1587 generumque
1438 1534 1725 1587 amplexatus
1792 1533 1949 1575 dolose
2009 1533 2066 1573 ad

420 1604 690 1646 conuiuium
739 1605 963 1646 inuitauit.
1034 1606 1272 1647 Ambletus
1319 1610 1486 1658 autem,
1532 1606 1635 1647 licet
1680 1606 1814 1647 sciret
1858 1605 2066 1646 fraudem

422 1677 621 1727 subesse,
662 1681 815 1719 tamen
857 1679 1048 1732 receptis
1081 1692 1237 1720 secum
1270 1678 1478 1720 ducentis
1509 1679 1739 1732 equitibus
1772 1678 1923 1732 paruit
1952 1677 2068 1718 inui-

420 1750 545 1790 tanti.
608 1751 693 1791 Sed
734 1751 844 1791 dum
886 1755 1002 1792 esset
1040 1751 1155 1792 inter
1194 1755 1348 1804 portas
1395 1751 1452 1791 ad
1495 1751 1669 1792 curiam
1713 1752 1943 1801 ducentes,
1989 1763 2066 1791 rex

421 1835 525 1863 eum
559 1822 708 1864 iaculo
742 1824 1024 1877 perfodisset,
1072 1823 1159 1864 nisi
1191 1824 1375 1875 ferrum,
1419 1824 1540 1877 quod
1576 1824 1813 1865 Ambletus
1846 1823 1931 1864 sub
1962 1826 2066 1875 toga

422 1895 594 1946 habuit,
627 1895 884 1936 obstitisset.
949 1896 1089 1948 Igitur
1121 1896 1310 1937 festinus
1343 1896 1475 1937 rediit
1506 1897 1562 1936 ad
1597 1897 1764 1948 locum,
1799 1896 1875 1937 vbi
1908 1897 2066 1937 Scotos

421 1967 613 2008 iusserat
651 1972 923 2021 exspectare.
996 1970 1088 2010 Rex
1135 1982 1241 2009 vero
1282 1969 1530 2021 fugientem
1570 1968 1803 2009 insecutus
1842 1968 2063 2009 maiorem

421 2043 593 2092 partem
642 2041 873 2081 sociorum
922 2041 1019 2082 eius
1064 2041 1324 2094 trucidauit,
1372 2042 1430 2081 ita
1478 2045 1535 2089 vt,
1582 2042 1692 2082 dum
1741 2040 1948 2095 sequenti
1993 2040 2066 2081 die

421 2112 658 2153 Ambletus
690 2126 772 2166 pro
808 2114 952 2154 salute
985 2128 1067 2155 sua
1100 2114 1280 2168 preliari
1315 2114 1511 2167 deberet,
1543 2113 1820 2155 adiutorium
1856 2114 1911 2154 de
1934 2112 2066 2154 inter-

421 2185 546 2225 fectis
596 2189 830 2227 mutuatus
877 2190 963 2236 est,
1010 2200 1117 2226 nam
1158 2187 1385 2240 quosdam
1428 2200 1587 2228 eorum
1632 2186 1862 2240 stipitibus
1907 2185 2065 2237 affixit,

420 2259 645 2311 quosdam
687 2260 743 2299 ad
786 2258 960 2312 lapides
1005 2258 1157 2311 erexit,
1204 2259 1384 2314 aliquos
1416 2260 1460 2300 in
1495 2258 1623 2313 equis
1655 2258 1820 2312 posuit,
1867 2259 1981 2299 adeo
2020 2261 2067 2299 vt

512 2423 541 2457 1.
583 2422 693 2468 cepit
730 2433 807 2458 om.
842 2423 887 2458 V.
963 2424 998 2459 2.
1039 2423 1116 2467 Qui
1157 2423 1240 2467 AS3
1287 2424 1362 2459 Cui
1397 2424 1467 2459 DV
1509 2422 1569 2471 (ul
1598 2424 1717 2463 Saxo,
1766 2423 1834 2459 sed
1873 2423 1904 2458 is
1945 2425 2064 2459 antea
2115 2449 2118 2453 -

421 2479 608 2525 reginae
641 2483 811 2526 penates
844 2478 989 2528 habet).
1054 2481 1088 2516 3.
1123 2480 1190 2516 ille
1224 2482 1265 2516 A.
1329 2482 1364 2517 4.
1396 2492 1572 2527 operum
1603 2484 1662 2516 a⁰r
1690 2480 1729 2528 (ι’.
1753 2492 1781 2517 e.
1814 2478 2002 2527 a(u)ctor)
2025 2480 2063 2516 S.

422 2547 456 2582 7.
489 2551 631 2594 vtpute
659 2549 703 2591 D,
736 2551 779 2584 ut
808 2548 966 2595 soept'us.
1031 2550 1066 2586 9.
1101 2541 1156 2592 r'ft
1182 2549 1296 2585 dedit
1320 2560 1402 2585 osc.
1422 2550 1461 2585 S.
1523 2549 1683 2595 virgini,
1717 2549 1914 2595 placitum
1939 2548 2065 2593 Saxo3

421 2604 569 2650 virgini
602 2608 689 2641 erat
723 2605 921 2652 placitum
957 2607 1047 2649 DV;
1094 2609 1182 2642 erat
1214 2606 1318 2652 plac.
1356 2605 1449 2654 (om.
1489 2605 1653 2654 virgini)
1684 2606 1758 2642 AS.
1837 2607 1898 2641 10.
1930 2608 2066 2652 prote-

419 2664 553 2698 statur
586 2663 656 2697 DV
687 2661 738 2710 (εἰ
768 2661 908 2711 δαευο);
950 2663 1191 2710 porrigebat
1224 2663 1297 2699 AS.
1388 2667 1592 2699 vocantur
1622 2664 1698 2700 AS.
1787 2664 1849 2700 12.
1883 2662 2063 2699 hermin—

421 2719 542 2754 truda
567 2719 637 2755 DV
667 2718 1029 2768 (Hermut(h)ruda
1062 2718 1193 2768 Saxo).
1262 2721 1320 2756 13.
1352 2721 1619 2757 Concurrens
1650 2719 1746 2769 (pro
1778 2720 1853 2756 Cui
1885 2717 1987 2767 oce.)
2016 2719 2061 2756 A.

424 2776 651 2812 Britannici
690 2777 798 2823 regis
830 2777 950 2814 Saxo.
1043 2778 1249 2824 rogitabat
1281 2778 1319 2813 S.
1407 2779 1468 2814 14.
1503 2778 1625 2814 aliam
1659 2789 1725 2815 vx.
1759 2777 2065 2824 superduxerat

422 2832 497 2868 AS.
565 2834 624 2869 15.
659 2834 773 2880 quod
807 2834 894 2879 DA3
926 2834 1022 2881 quia
1057 2835 1135 2872 VS.
1206 2846 1288 2871 non
1320 2833 1419 2883 (pro
1451 2833 1549 2883 iam)
1581 2836 1626 2871 D.
1695 2836 1753 2870 16.
1783 2831 1991 2882 amonim)
2021 2834 2061 2870 S.

426 2890 588 2926 16--17,
637 2891 907 2937 occurritque
954 2902 1023 2927 rex
1072 2892 1111 2928 S.
1194 2893 1254 2928 17.
1295 2901 1494 2938 generum
1543 2892 1667 2938 ampl.
1710 2891 1753 2928 A.
1834 2890 1957 2937 ampl.
2003 2893 2064 2927 est

421 2947 648 2993 doloseque
675 2948 714 2984 S.
783 2949 841 2984 19.
877 2951 1011 2984 [amen
1040 2949 1090 2992 D;
1123 2952 1283 2985 tantum
1303 2949 1415 2985 VAS.
1476 2949 1673 2995 apparuit
1699 2949 1745 2989 S;
1777 2948 2062 2994 comparuitA

418 3003 682 3049 (obsequitur
722 3003 854 3053 Saxo).
948 3006 1010 3041 20.
1043 3009 1151 3042 esset
1183 3007 1210 3041 S
1250 3007 1406 3051 (Saxo),
1453 3009 1591 3042 essent
1633 3006 1750 3042 DVA.
1841 3015 1986 3041 curam
2019 3004 2059 3041 S.

421 3061 482 3095 22.
516 3061 679 3096 rediens
698 3062 741 3097 A.
803 3063 867 3098 23.
894 3062 1073 3098 iusserat
1106 3066 1308 3109 temptare
1326 3063 1377 3109 A,
1410 3063 1626 3099 dimiserat
1652 3063 1690 3099 S.
1753 3073 1851 3098 vero
1877 3073 1954 3097 om.
1986 3061 2061 3098 AS.

422 3117 483 3151 24,
511 3119 700 3163 sequenti
721 3119 785 3154 die
804 3119 902 3154 dum
923 3119 997 3155 AS.
1060 3120 1123 3155 25.
1149 3131 1222 3156 sua
1241 3130 1318 3155 om.
1337 3120 1413 3158 AS.
1477 3121 1540 3156 27.
1565 3119 1703 3167 lapide
1728 3130 1783 3156 er.
1809 3119 1997 3165 aliosque
2017 3119 2060 3154 D.
