2150 3584
565 214 860 242 COMPENDWM
895 214 1091 242 SAXONJS.
1142 215 1224 242 Lm.
1260 215 1284 240 V
1664 204 1746 243 269

102 330 283 372 Ericum
339 329 484 370 cultro
539 327 746 375 traicere;
808 328 928 380 quod
989 327 1276 380 presenciens
1332 328 1557 368 Gunwara
1621 328 1746 378 dixit,

100 402 330 443 neminem
364 400 631 453 sapientem,
671 399 749 453 qui
792 399 878 439 sibi
912 400 996 453 ipsi
1032 413 1121 440 non
1159 400 1421 452 prouideret.
1489 401 1746 451 Intelligens

102 474 262 515 Ericus
302 487 382 526 pro
417 486 462 513 se
495 473 684 522 (lictum,
732 475 775 512 vt
809 471 894 512 sibi
928 475 1121 521 caueret,
1170 472 1389 511 continuo
1422 474 1476 512 ‹le
1512 474 1624 523 loco,
1673 473 1745 512 vbi

101 546 232 598 sedit,
289 545 485 594 exiliuit3
546 557 682 598 quem
735 557 840 584 cum
898 557 972 584 rex
1030 557 1107 596 per
1153 544 1321 584 iactum
1370 544 1536 584 cultelli
1587 558 1746 585 necare

100 618 328 664 voluisset,
364 617 496 657 Erico
530 616 786 657 declinante
819 617 1029 656 cultellus
1053 616 1264 668 opposito
1290 617 1446 669 parieti
1474 620 1538 656 est
1565 617 1744 657 infixus.
1773 643 1780 651 ·

99 692 229 731 'l'unc
262 690 421 730 Ericus
462 689 542 729 ait:
596 689 897 740 »I'orrigenda
941 692 1047 728 sunt
1090 688 1251 729 amicis
1285 701 1488 735 munera,
1538 702 1627 729 non
1663 689 1746 729 iac-

100 763 256 811 tanda;
290 746 465 815 (porro)
499 760 735 814 probabile
768 761 951 801 fecisses
976 761 1166 811 donum,
1200 761 1234 800 si
1262 761 1473 811 vaginam
1499 774 1602 801 cum
1632 761 1747 800 t'erro

99 834 340 875 dedisses.«
407 834 557 884 Quam
593 846 669 873 rex
702 833 921 874 continuo
955 833 1215 873 dissoluens
1248 833 1285 873 ei
1319 833 1454 873 (ledit.

183 906 278 947 V11.
343 906 484 946 Nocte
524 905 730 960 sequenti
771 906 998 946 Gunwara
1033 905 1218 945 Ericum
1262 905 1464 945 excitans
1504 906 1746 955 consuluit,

98 982 144 1019 vt
184 978 337 1030 fugam
371 978 526 1028 iniret,
573 978 649 1031 qui
692 991 790 1018 eam
834 991 989 1018 secum
1030 977 1268 1030 recipiens,
1315 978 1422 1017 dum
1468 978 1747 1030 peruenisset

98 1051 154 1091 ad
201 1051 394 1091 classem
442 1051 580 1103 regis,
641 1063 784 1090 naues
838 1049 1027 1090 inferius
1079 1050 1353 1102 debilitauit,
1416 1050 1570 1104 sicque
1623 1063 1746 1090 mare

98 1123 328 1175 ingressus
368 1127 445 1164 est.
510 1123 643 1163 Mane
683 1122 888 1175 sequenti
929 1136 1005 1162 rex
1038 1135 1141 1162 eum
1177 1122 1367 1162 festinus
1402 1122 1746 1177 insequel)alur;

98 1195 173 1236 sed
208 1195 319 1235 dum
352 1195 396 1235 in
425 1196 567 1235 altum
596 1195 736 1235 maris
761 1195 973 1240 venisset,
1007 1199 1190 1248 propter
1216 1195 1551 1235 subintrantem
1577 1209 1744 1248 aquam

98 1279 240 1308 naues
273 1267 504 1319 submergi
539 1272 768 1320 ceperunt.
833 1267 1048 1307 Videntes
1082 1266 1243 1307 Ericus
1283 1271 1325 1307 et
1358 1267 1564 1308 Rollerus
1598 1279 1745 1319 regem

99 1339 313 1394 fluctibus
360 1340 559 1391 demergi
607 1340 783 1380 concite
832 1340 1139 1392 properabant
1185 1352 1239 1380 ac
1284 1339 1435 1392 ipsum
1484 1340 1622 1381 tercio
1661 1341 1746 1380 sub

99 1412 293 1464 procella
336 1413 597 1452 demersum
638 1416 889 1465 rapuerunt
929 1416 1065 1465 atque
1106 1413 1308 1452 natando
1353 1413 1409 1452 ad
1452 1417 1614 1453 terram
1651 1426 1748 1466 por-

97 1487 322 1537 tauerunt,
357 1484 493 1524 sociis
526 1484 622 1525 eius
656 1485 820 1537 partim
855 1483 1108 1524 submersis
1144 1484 1308 1536 partim
1343 1497 1447 1525 cum
1481 1485 1747 1526 difficultate

97 1557 152 1596 ad
194 1556 302 1597 litus
341 1557 547 1597 reuersis.
611 1557 857 1598 Vertebant
896 1556 1031 1608 igitur
1071 1567 1220 1608 regem
1261 1556 1481 1597 iacentem
1523 1557 1571 1598 in
1605 1558 1747 1605 litore,

98 1628 387 1682 multumque
420 1629 474 1669 de
506 1642 626 1682 aqua
659 1629 923 1679 euomebat3
957 1642 1154 1681 cumque
1188 1633 1289 1682 post
1322 1642 1536 1681 magnam
1568 1644 1743 1671 moram

97 1701 153 1741 ad
202 1713 387 1741 sensum
435 1701 645 1753 redisset,
702 1701 900 1755 quesiuit
948 1701 1129 1753 Ericus,
1186 1714 1245 1741 an
1292 1703 1444 1743 adhuc
1491 1702 1629 1743 vitam
1678 1703 1745 1742 vel

99 1785 255 1826 pacem
304 1777 454 1826 petere
502 1775 644 1815 vellet.
707 1775 761 1814 At
800 1774 874 1814 ille
917 1774 1137 1827 conqueri
1178 1774 1310 1826 cepit,
1357 1775 1479 1827 quod
1529 1775 1573 1814 in
1614 1775 1746 1815 vndis

98 1849 306 1886 mortuus
337 1859 430 1886 non
456 1846 604 1898 fuerit,
638 1847 831 1887 mallens
857 1846 1063 1886 interisse
1090 1859 1229 1899 quam
1255 1846 1442 1899 aliquod
1470 1847 1744 1887 beneficium

84 1917 154 1958 *ab
185 1918 395 1958 hostibus
426 1919 671 1972 recepisse3
719 1932 772 1959 ac
803 1919 1018 1959 obtestari
1054 1932 1131 1959 eos
1164 1919 1294 1972 cepit,
1334 1923 1379 1959 vt
1411 1919 1563 1972 ipsum
1596 1920 1746 1971 gladio

99 1989 186 2029 vita
243 1990 478 2043 priuarent
532 1991 752 2044 (alioquin
801 2004 847 2031 se
893 1990 1046 2044 ipsum
1095 1989 1397 2043 interficeret),
1460 1992 1630 2032 faciens
1683 1992 1746 2032 eis

100 2061 260 2112 minas,
295 2062 331 2102 si
364 2063 550 2104 vlterius
581 2063 672 2104 vita
705 2064 942 2104 frueretur.
1006 2063 1167 2104 Ericus
1199 2064 1452 2116 respondit:
1491 2066 1746 2108 »Auertanh

99 2147 254 2188 queso,
301 2134 362 2187 dij
405 2148 430 2175 a
470 2139 510 2175 te
551 2136 764 2176 stolidam
810 2140 1023 2186 mentem,
1071 2149 1126 2175 ne
1167 2136 1420 2188 preclaram
1454 2137 1593 2176 vitam
1628 2137 1743 2189 turpi

99 2205 189 2246 fine
229 2207 497 2247 concludas!
562 2208 706 2248 Nemo
748 2208 829 2248 scit
869 2208 1073 2248 modeste
1113 2208 1158 2247 in
1193 2209 1423 2260 prosperis
1454 2209 1621 2254 viuere,
1668 2209 1745 2263 qui

59 2279 61 2281 ’
99 2278 291 2318 aduersa
325 2292 416 2319 non
449 2279 607 2320 didicit
639 2281 843 2321 tolerare.
899 2282 932 2319 A
966 2280 1148 2320 nemine
1182 2280 1327 2320 victus
1361 2293 1428 2329 es3
1461 2285 1537 2320 tua
1570 2281 1745 2321 incuria

189 2417 221 2453 1.
245 2419 452 2455 trahicere
470 2419 514 2455 V.
569 2420 603 2455 2.
628 2420 708 2467 ipsi
733 2431 810 2455 om.
830 2419 869 2455 S.
928 2419 961 2455 3.
989 2430 1063 2465 per
1088 2430 1130 2455 sc
1150 2419 1189 2456 S.
1247 2421 1281 2455 4.
1307 2419 1435 2456 exiliit
1454 2420 1492 2456 S.
1554 2431 1624 2456 rex
1650 2432 1744 2457 eum

101 2474 175 2510 As.
232 2475 426 2511 cultellus
444 2487 521 2512 om.
541 2476 616 2512 As.
665 2474 1427 2524 7.porro(:sed)addidi;etacid.S.
1484 2478 1744 2523 probabilem

101 2531 152 2577 V;
184 2531 384 2578 „ppbabile
403 2533 443 2569 S.
506 2533 653 2570 fecisse
671 2534 746 2570 As.
810 2535 844 2569 8.
874 2534 1057 2569 dedisset
1076 2533 1115 2568 S.
1176 2534 1299 2569 dabat
1320 2534 1363 2569 D.
1430 2535 1593 2572 11—12.
1628 2534 1745 2573 verba

101 2589 491 2636 regis..ingressus
538 2595 600 2626 est
645 2602 722 2626 om.
771 2590 798 2625 S
845 2590 883 2626 Ιι.
934 2591 966 2634 1.,
1026 2590 1094 2625 sed
1136 2593 1229 2635 post
1283 2591 1585 2636 insequebatur
1630 2591 1748 2627 habet

100 2643 223 2693 (regis
244 2650 356 2682 ..est
387 2646 626 2695 ingressus).
690 2649 752 2683 11.
785 2647 1111 2683 debilitauerunt
1141 2645 1199 2683 S2.
1264 2648 1324 2682 12.
1358 2647 1533 2683 festinus
1567 2659 1644 2684 om.
1672 2649 1744 2684 AS.

107 2703 168 2739 15.
199 2703 396 2740 fluctibus
428 2715 505 2741 om.
538 2705 614 2741 As.
694 2704 905 2750 submergi
938 2704 1104 2740 concito
1137 2704 1211 2740 AS.
1291 2705 1351 2740 16.
1384 2705 1567 2750 procella
1599 2707 1746 2751 saepius

107 2760 297 2804 :unda‚
343 2761 506 2798 fluctus.
607 2762 837 2797 dimersum
886 2761 962 2799 AS,
1012 2763 1053 2796 ut
1096 2762 1255 2806 soepius.
1358 2763 1417 2797 17.
1467 2762 1660 2798 dimersis
1707 2763 1745 2798 S.

103 2816 166 2853 20.
199 2828 250 2852 an
290 2817 341 2852 ad
382 2818 464 2854 hoc
495 2819 541 2859 V,
586 2821 622 2854 et
658 2819 715 2854 sic
752 2819 900 2864 soepius
944 2818 983 2852 1'11
1023 2818 1135 2853 codd.
1167 2817 1364 2853 scribitur.
1451 2819 1513 2854 22.
1553 2819 1627 2855 suit
1668 2820 1743 2855 AS.

103 2873 269 2909 22—23.
303 2885 430 2920 quam
471 2876 670 2911 habuisse
708 2876 757 2911 al.
799 2876 889 2911 ben.
930 2875 981 2910 ab
1022 2874 1084 2922 (Sx
1117 2872 1181 2922 ex)
1222 2875 1414 2911 hostibus
1446 2874 1521 2911 As,
1612 2877 1674 2912 23.
1708 2880 1746 2912 et

103 2929 302 2966 obtestari
331 2932 383 2976 ὓς
416 2942 464 2968 ac
495 2932 754 2968 abtestariA.
819 2932 882 2968 24.
915 2931 1074 2977 aliquin
1104 2931 1143 2967 S.
1205 2932 1268 2967 27.
1301 2933 1353 2967 sit
1371 2932 1447 2973 As,
1478 2933 1546 2968 sed
1569 2943 1668 2969 corr.
1688 2931 1746 2969 8².

105 2986 169 3023 28.
202 2988 397 3024 tollerare
429 2989 510 3034 AV,
544 2992 585 3025 ut
615 2990 762 3035 soepius
796 2989 835 3024 ιἰι
867 2989 979 3024 codd.
1053 2992 1113 3024 est
1146 2989 1190 3025 V.
1268 2989 1414 3025 incura
1447 2991 1489 3025 Α.

1776 987 1815 1017 10

1778 1346 1815 1376 15

1774 1707 1815 1737 20

1774 2070 1815 2100 25
