2150 3584
325 982 365 1013 10

329 1347 368 1377 15

325 2076 368 2107 25

392 197 474 236 382
731 206 1005 235 SCRIPTORES
1037 206 1264 235 fflsromAE
1296 205 1472 233 DANICAE
1504 205 1702 234 MINORES

477 321 574 362 XII.
624 322 796 361 Videns
828 333 918 373 rex,
965 321 1089 375 quod
1127 320 1255 361 nullo
1288 320 1428 360 modo
1474 319 1676 360 decimas
1716 319 1824 360 dare
1861 320 2041 372 vellent,

392 394 576 434 secessit
607 393 654 433 in
688 393 1051 446 Synderiuciam,
1092 392 1307 446 misitque
1338 392 1456 432 duos
1488 392 1679 444 nobiles,
1719 392 1969 433 Tostonem
2001 396 2043 433 et

391 467 623 519 quendam
669 466 835 517 alium,
882 465 960 519 qui
1007 465 1235 518 exigerent
1281 463 1526 517 pecuniam
1574 465 1909 518 supradictam,
1963 465 2042 520 qui

391 539 570 578 iussum
595 538 712 590 regis
740 542 888 592 preter
912 539 1009 578 eius
1032 537 1341 579 intencionem
1366 536 1600 578 immicius
1624 537 1798 578 executi
1816 538 2041 590 populum

392 611 548 664 inique
581 611 819 651 vexabant.
884 610 1038 651 Emuli
1080 610 1215 662 igitur
1246 608 1363 661 regis
1394 609 1482 650 hac
1523 609 1763 650 occasione
1806 613 1847 650 et
1886 610 2042 650 multis

392 683 645 724 mendaciis
685 684 799 724 adeo
842 684 1069 737 populum
1109 682 1440 736 prouocabant,
1483 685 1528 723 vt
1559 682 1710 735 primo
1742 681 1888 723 dictos
1925 683 2042 723 duos

390 755 569 796 nobiles
608 756 889 809 occiderunt,
936 755 1102 796 deinde
1142 755 1286 796 eciam
1327 765 1476 807 regem
1525 755 1755 795 destruere
1787 755 2041 796 voluerunt.

392 829 602 879 Quorum
635 828 859 881 impetum
893 829 1087 869 audiens
1119 841 1196 868 rex
1229 827 1414 868 secessit
1445 827 1491 867 in
1526 827 1736 878 Sleswik3
1768 827 1832 867 ibi
1855 840 2041 868 vxorem

391 914 568 954 ponens
602 901 855 953 mandauit,
901 905 960 954 vt,
1008 901 1045 942 si
1076 914 1147 941 res
1181 900 1362 941 sinistre
1395 900 1668 952 succederet,
1715 912 1821 940 cum
1861 899 1956 941 filio
1996 900 2042 940 in

393 973 659 1014 Flandriam
701 978 936 1015 remearet.
1007 972 1210 1014 Wendili
1256 972 1392 1025 igitur
1434 976 1476 1012 et
1515 971 1650 1014 ceteri
1687 972 1797 1025 Juti,
1844 973 1899 1013 de
1937 973 2043 1025 fuga

392 1046 506 1098 regis
539 1046 783 1087 audaciam
811 1050 1058 1099 sumentes,
1091 1045 1282 1087 omnino
1308 1056 1459 1097 regem
1492 1045 1632 1086 armis
1664 1045 1883 1086 inuadere
1909 1048 2044 1086 statu-

392 1123 535 1160 erunt.
601 1120 694 1160 Rex
734 1118 870 1171 igitur
911 1119 1024 1171 fugit
1069 1118 1117 1159 in
1158 1117 1401 1169 Feoniam;
1449 1118 1527 1159 sed
1574 1118 1767 1159 audiens
1813 1131 1890 1159 eos
1929 1118 2045 1159 inse-

392 1196 582 1245 quentes
628 1204 735 1232 cum
784 1191 830 1232 in
863 1191 1144 1233 Sialendiam
1191 1190 1256 1231 ire
1298 1194 1586 1244 proponeret,
1633 1191 1823 1244 quidam
1867 1191 2044 1242 Blacco,

392 1264 484 1316 regi
516 1264 770 1317 familiaris,
818 1265 896 1305 sed
937 1264 1113 1305 occulte
1153 1263 1360 1316 proditor
1391 1263 1632 1316 pessimus,
1674 1263 1767 1316 regi
1806 1262 2044 1316 persuasit,

396 1341 442 1377 vt
472 1337 520 1377 in
553 1337 791 1378 Ottoniam
824 1351 871 1378 se
903 1337 1136 1390 reciperet,
1168 1349 1308 1389 seque
1340 1336 1639 1377 mediatorem
1671 1336 1790 1377 inter
1820 1347 1970 1388 regem
2004 1339 2046 1376 et

394 1411 619 1463 populum
653 1410 929 1463 repromisit,
964 1411 1153 1462 addens,
1192 1412 1252 1461 vt,
1293 1408 1330 1449 si
1362 1410 1587 1462 populum
1621 1421 1911 1462 compescere
1953 1421 2044 1448 non

394 1487 560 1536 posset,
592 1483 863 1536 tempestiue
896 1487 999 1523 ante
1031 1483 1295 1523 facultatem
1327 1482 1431 1534 fuge
1464 1482 1503 1522 ei
1537 1482 1786 1523 nunciaret.
1845 1481 2045 1522 Credens

394 1556 433 1596 ei
466 1569 543 1596 rex
575 1556 797 1596 innocens
829 1556 926 1596 eius
958 1555 1152 1596 consilio
1184 1553 1427 1608 ac'quieuit.
1476 1555 1640 1595 Blacco
1672 1554 1808 1606 igitur
1839 1553 2046 1607 proditor

394 1628 621 1681 pessimus
646 1629 704 1669 ad
729 1628 1074 1669 multitudinem
1092 1627 1280 1669 veniens
1297 1628 1519 1680 hortatur,
1546 1631 1593 1667 vt
1619 1627 1667 1668 in
1684 1640 1843 1668 necem
1860 1625 2045 1679 tyranni

394 1701 619 1753 festinent,
652 1714 893 1755 nunquam
919 1714 971 1742 eo
996 1701 1179 1742 viuente
1203 1712 1363 1753 pacem
1388 1699 1603 1741 habituri.
1650 1699 1886 1742 Concitato
1910 1698 2046 1751 igitur

396 1774 540 1826 magis
565 1773 611 1814 in
638 1785 788 1826 regem
814 1775 988 1827 populo
1006 1773 1261 1825 reuertitur,
1287 1772 1444 1813 dicens
1461 1773 1689 1826 populum
1709 1775 1869 1826 pacato
1888 1771 2045 1812 animo

395 1860 505 1899 esse,
552 1847 808 1887 dummodo
855 1859 932 1887 rex
978 1847 1113 1888 vellet
1157 1845 1273 1886 iram
1313 1858 1444 1886 suam
1484 1845 1704 1898 mitigare.
1777 1845 1926 1896 Quem
1968 1857 2047 1884 rex

395 1919 576 1960 fidelem
610 1920 798 1960 credens
831 1919 1049 1960 conuiuio
1082 1918 1251 1972 recepit
1281 1918 1507 1972 donisque
1540 1921 1810 1971 prosecutus
1850 1920 1936 1968 est;
1981 1916 2047 1957 sic

393 1992 476 2033 iste
507 2005 707 2046 nequam
740 1996 834 2032 tam
866 2004 1017 2044 regem
1050 2005 1191 2046 quam
1224 1991 1450 2045 populum
1482 1991 1671 2044 decepit.
1727 1989 1942 2044 Sequenti
1973 1989 2045 2030 die

396 2064 603 2106 similiter
649 2065 782 2117 legati
828 2065 983 2106 officio
1028 2065 1222 2117 fungens
1269 2064 1434 2104 iterum
1476 2063 1620 2116 magis
1666 2063 1713 2104 in
1755 2066 1892 2117 caput
1930 2062 2046 2115 regis

395 2137 680 2191 prouocabat
703 2139 942 2191 populum.
977 2138 1071 2178 Rex
1095 2141 1249 2178 autem
1275 2136 1459 2178 cottidie
1484 2136 1644 2177 diuino
1665 2135 1808 2177 cultui
1831 2135 2046 2176 insistens

396 2211 454 2250 ad
479 2210 718 2251 ecclesiam
746 2210 890 2251 sancti
914 2209 1080 2251 Albani
1105 2209 1339 2263 processit,
1371 2209 1449 2251 vbi
1474 2210 1586 2250 dum
1619 2212 1781 2262 oraret,
1805 2209 2046 2262 prophana

485 2383 519 2418 2.
560 2382 732 2419 secessit
770 2381 812 2418 in
844 2383 898 2419 S.:
945 2382 1070 2418 immo
1101 2382 1229 2418 Saxo:
1277 2381 1628 2428 septentrionales
1659 2380 1783 2417 Jutiae
1815 2382 1955 2426 partes
1987 2378 2046 2414 in-

395 2450 574 2487 gressus.
668 2440 985 2487 syndaeriuciam
1034 2440 1078 2476 D.
1169 2439 1275 2475 duos
1323 2439 1487 2484 milites,
1536 2438 1696 2474 scilicet
1741 2440 1949 2473 tostonem
1998 2436 2044 2472 D.

398 2498 432 2534 3.
475 2497 706 2544 predictam
740 2498 784 2533 V.
876 2498 910 2534 4.
950 2495 1168 2546 ex(s)equti
1207 2494 1287 2533 VA.
1377 2497 1413 2533 5.
1455 2496 1664 2532 uexebant
1695 2496 1740 2532 V.
1829 2496 1867 2530 et
1913 2492 2048 2529 abesse

398 2554 555 2605 malim,
603 2555 683 2591 nisi
719 2554 824 2601 forte
859 2554 959 2601 fuit:
1007 2557 1046 2590 et
1084 2554 1283 2601 querellis
1325 2556 1365 2590 et
1404 2565 1455 2589 m.
1496 2564 1547 2590 m.
1593 2551 1734 2602 (Saxoz
1782 2551 1915 2596 Quam
1957 2561 2046 2586 rem

398 2612 525 2648 emuli
573 2613 1094 2659 regis..deplorantes
1141 2611 1395 2647 calumniam
1443 2611 1672 2646 mendaciis
1719 2605 2048 2656 exaggerabant).

399 2670 432 2706 (5.
466 2673 507 2705 vt
539 2670 750 2716 predictos
782 2671 858 2706 As.
921 2670 956 2706 8.
988 2680 1060 2706 rex
1091 2680 1167 2705 om.
1192 2669 1268 2705 AS.
1347 2668 1519 2705 flaeswik
1542 2668 1619 2704 VS.
1684 2667 1746 2704 10.
1781 2665 1943 2702 Vendili
1969 2664 2047 2701 AS.

403 2728 807 2773 11.summentesS;
839 2725 1085 2776 su(m)mens
1105 2727 1186 2762 DV.
1247 2726 1307 2762 12.
1329 2726 1554 2772 pheoniam
1574 2725 1648 2761 As.
1713 2725 1774 2760 15.
1794 2723 1953 2759 ottonia
1970 2720 2046 2758 AS.

398 2787 613 2831 receperet
652 2784 691 2820 S.
787 2786 845 2821 16.
886 2795 1109 2831 expescere
1151 2784 1196 2820 D.
1293 2784 1361 2820 18.
1395 2783 1431 2819 ei
1472 2780 1586 2831 (post
1622 2778 1814 2829 credens)
1853 2790 1932 2816 om.
1970 2779 2047 2815 As.

398 2842 615 2888 adquieuit
662 2842 702 2878 S.
803 2843 864 2878 19.
912 2842 1066 2878 tiranni
1114 2841 1160 2877 V.
1259 2841 1324 2876 20.
1370 2839 1528 2876 viuenti
1575 2839 1619 2875 Α.
1721 2839 1784 2875 21.
1832 2837 1962 2883 magis
2009 2838 2048 2872 et

399 2899 528 2944 magis
565 2897 659 2947 (om.
698 2900 739 2935 in
779 2897 934 2948 regem)
973 2899 1013 2935 S.
1103 2898 1309 2945 populum
1349 2900 1545 2944 pacatum
1585 2896 1726 2932 animo
1758 2895 1842 2940 AS3
1888 2893 2047 2941 populo

397 2956 591 3002 p(l)acato
623 2956 765 2992 animo
796 2957 915 3003 (D)V,
990 2956 1053 2992 23.
1086 2958 1334 3002 persecutus
1365 2956 1409 2990 Α.
1486 2955 1549 2990 24.
1582 2953 1649 2989 die
1681 2964 1759 2990 om.
1792 2952 1882 2997 DV;
1929 2950 2047 2987 Simi-

396 3013 491 3048 liter
530 3013 596 3048 ‹lie
636 3014 828 3060 sequenti
867 3013 942 3050 AS.
1033 3014 1098 3050 26.
1141 3012 1294 3049 cotidie
1332 3012 1385 3057 V;
1432 3011 1637 3057 quottidie
1678 3011 1731 3056 D;
1777 3008 1965 3056 quotidie
2007 3008 2046 3044 S.

398 3071 600 3106 exsistens
632 3071 676 3106 Α.
739 3072 802 3107 27.
835 3082 929 3107 curn
963 3073 1104 3107 oraret
1135 3070 1175 3107 S.
