2150 3584
39 1073 80 1104 10

38 1666 78 1698 15

35 2028 78 2060 20

36 2390 76 2422 25

241 195 459 224 SVENONlS
492 195 683 224 AGGONIS
718 196 819 223 thl
856 196 1013 224 nntivts
1049 195 1257 224 fflS't‘OtuA
1293 195 1441 223 REGVM
1478 195 1608 222 menz·
1673 183 1750 222 133

909 308 948 368 S

108 420 261 459 sancte
307 416 453 457 crucis
500 416 666 457 uexillo
713 415 977 468 insignitus,
1039 428 1130 456 non
1188 416 1348 469 clypeo
1397 419 1625 468 protectus
1671 419 1750 456 aut

107 490 247 543 galea,
293 489 475 530 duobus
506 492 683 529 tantum
718 488 961 529 comitatus
995 488 1278 538 satellitibus,
1326 489 1539 541 luporum
1574 487 1747 528 rabiem

108 561 377 603 mitissimus
417 572 561 613 agnus
600 561 646 601 in
685 560 961 601 denunciato
1001 572 1220 600 occursus
1261 561 1360 600 loco
1402 560 1746 613 prestolabatur.

109 636 214 676 Mox
261 634 440 675 sceleris
486 637 668 674 autores
715 633 963 683 aduenere,
1021 632 1117 685 lupi
1165 632 1317 672 ouinis
1364 632 1510 672 induti
1558 632 1748 683 exuuiis,

107 707 271 748 loricas
316 711 358 747 et
403 706 554 758 galeas
600 705 730 758 pileis
776 708 1065 757 contegentes
1112 708 1154 745 et
1199 705 1361 758 palliis.
1455 705 1546 744 Nec
1598 717 1746 745 mora:

107 792 266 820 uerum
306 778 557 819 Israelitam
601 781 643 818 et
682 777 1012 818 consobrinum
1053 776 1215 830 perfidi
1256 776 1479 817 coniurati
1522 777 1748 817 trucidare

106 851 332 902 festinant,
378 850 676 903 animamque
714 850 811 890 celo
851 853 1061 901 satagunt
1102 848 1420 898 transmittere,
1468 862 1555 902 que
1599 849 1749 889 carnis

106 923 332 976 ergastulo
379 922 506 976 prius
545 922 687 962 extitit
728 922 917 962 inclusa.
981 921 1121 962 Cuius
1169 921 1378 962 exanime
1421 934 1587 974 corpus
1627 924 1748 973 post—

106 996 294 1037 modum
330 995 497 1037 Christi
528 994 685 1035 fideles
717 994 1008 1034 humandum
1053 993 1262 1034 deferunt
1295 993 1622 1045 Ringstadiam,
1671 993 1747 1033 ubi

105 1067 422 1122 compluribus
458 1080 611 1109 rerum
656 1066 838 1108 indiciis
886 1066 1045 1119 ingens
1093 1065 1343 1107 sanctitatis
1390 1065 1487 1106 eius
1533 1066 1747 1118 splendor

106 1141 256 1182 eluxit.

790 1335 914 1377 CAP.
949 1335 1063 1376 XIV.

195 1409 385 1488 mrum
418 1443 532 1484 tanti
564 1442 745 1483 sceleris
777 1441 1042 1483 immanitas
1080 1440 1276 1493 ingentis
1309 1440 1544 1481 seditionis
1577 1441 1747 1481 fomen-

103 1522 198 1558 tum
232 1516 529 1571 postmodum
561 1515 608 1555 in
640 1527 779 1568 regno
812 1514 1062 1556 suscitauit.
1111 1514 1229 1554 Nam
1262 1513 1308 1554 in
1342 1513 1491 1553 fratris
1525 1514 1744 1554 ultionem

105 1589 265 1631 Ericus
297 1601 402 1630 cum
436 1592 598 1642 patruo
632 1600 715 1628 suo
744 1591 961 1640 regnante
980 1586 1184 1638 Nicolao,
1217 1586 1289 1626 dei
1321 1585 1561 1638 instigatus
1593 1585 1746 1637 digito,

104 1663 161 1703 ad
201 1673 349 1716 pugne
391 1660 640 1702 certamina
673 1660 931 1711 suscitatur,
977 1659 1068 1699 iam
1108 1658 1318 1699 omnium
1359 1658 1585 1710 suffragiis
1624 1658 1745 1710 regio

103 1736 300 1776 donatus
346 1733 546 1774 nomine.
623 1732 713 1783 Qui
760 1732 863 1773 licet
909 1732 1068 1773 crebro
1116 1730 1416 1782 conflixerint,
1463 1731 1547 1770 hec
1592 1734 1744 1771 tamen

103 1806 403 1849 certaminum
451 1806 550 1846 loca
598 1805 840 1846 extiterunt
885 1804 1146 1845 famosiora.
1230 1802 1438 1843 Primum
1486 1803 1651 1843 etenim
1699 1803 1744 1843 in

104 1879 357 1933 Rynebierg
388 1877 531 1932 prelio
564 1877 914 1918 decernentibus
947 1876 1049 1928 illis,
1094 1876 1312 1916 Nicolaus
1344 1875 1553 1927 obtinuit,
1586 1888 1745 1915 auum-

103 1966 190 2008 que
231 1965 386 1993 meum
420 1949 756 1992 Christiarnum
796 1949 1048 2003 captiuauit
1087 1947 1333 2002 ferreisque
1375 1946 1582 1988 uinctum
1625 1960 1745 1988 com-

104 2025 297 2079 pedibus
329 2024 386 2064 ad
420 2026 620 2064 castrum
653 2022 887 2076 quoddam
921 2034 1062 2075 prope
1095 2020 1349 2061 Slesuicum
1383 2019 1587 2060 custodie
1620 2033 1745 2059 man-

103 2097 352 2151 cipandum
384 2094 620 2147 delegauit.
696 2095 917 2135 Successu
949 2098 1211 2146 temporum
1243 2093 1301 2132 ad
1334 2095 1519 2145 pontem
1553 2092 1746 2133 Othens-

101 2170 225 2223 hylle
278 2167 608 2209 decertantium
662 2166 778 2207 facta
826 2170 891 2207 est
937 2165 1210 2217 congressio.
1303 2164 1391 2205 Ubi
1437 2164 1546 2204 dum
1595 2165 1745 2205 acrius

103 2241 410 2294 confligerent,
457 2252 562 2293 pars
602 2239 759 2279 itidem
802 2238 980 2279 Nicolai
1019 2237 1258 2291 preualuit.
1322 2237 1443 2276 Dum
1486 2248 1590 2289 ergo
1625 2237 1744 2278 Erici

103 2313 324 2355 exercitus
354 2316 477 2364 terga
509 2315 715 2359 uerteret,
762 2314 922 2364 captus
954 2310 1074 2351 illico
1107 2309 1279 2359 fuisset,
1319 2308 1407 2349 nisi
1441 2308 1624 2359 Biorno,
1666 2310 1743 2362 qui

103 2386 161 2427 ob
217 2385 380 2426 eximie
434 2383 713 2424 strenuitatis
760 2382 1008 2423 claritatem
1060 2383 1224 2422 Ferreo
1283 2381 1634 2433 cognominatus
1681 2386 1745 2422 est

103 2459 282 2509 Latere,
329 2456 546 2497 adiuncto
595 2455 679 2495 sibi
727 2460 852 2509 patre
899 2467 1001 2495 meo
1048 2455 1251 2506 Aggone,
1301 2453 1453 2506 pontis
1499 2453 1542 2493 in
1593 2454 1744 2494 medio

102 2530 291 2571 uiriliter
321 2528 568 2570 restitisset.
633 2527 691 2568 Hi
730 2540 930 2580 namque
971 2527 1063 2566 duo
1105 2530 1229 2566 tanta
1262 2525 1453 2566 audacia
1488 2526 1742 2566 iaculorum

102 2603 296 2643 imbrem
328 2601 608 2654 repulerunt,
642 2604 690 2640 ut
720 2599 851 2654 quasi
884 2599 1097 2639 columne
1125 2598 1445 2638 estimarentur
1469 2598 1743 2638 immobiles.

104 2674 220 2714 Nam
262 2673 598 2714 incursantium
636 2672 837 2712 furorem
878 2670 1071 2711 mirifica
1104 2670 1367 2711 strenuitate
1399 2671 1744 2723 propulsabant,

103 2821 268 2857 21—22.
294 2823 505 2868 potentem
530 2819 627 2868 (pro
653 2815 920 2877 pc-›te-it‘rum).
970 2818 1033 2854 22.
1056 2818 1303 2853 dictantium
1329 2819 1425 2864 (pro
1442 2814 1743 2862 decttantium).

102 2890 210 2935 quia.
293 2889 356 2926 26.
397 2892 459 2925 est
498 2899 584 2935 prae
623 2887 720 2937 (pro
755 2880 891 2933 spre).
973 2887 1035 2923 28.
1069 2886 1370 2922 miraculorum
1410 2891 1503 2932 (pro
1545 2885 1602 2924 aff
1633 2887 1744 2922 iacu-

102 2945 264 2993 lorum).

186 3048 248 3084 Ad
280 3049 318 3085 S.
380 3050 517 3084 9—11.
550 3048 620 3084 ubi
641 3048 818 3085 ..eluxit
839 3061 883 3078 =
905 3046 1013 3083 Saxo
1041 3057 1081 3092 p.
1118 3046 1208 3091 641,
1229 3047 1323 3093 2311.
