2150 3584
49 1484 88 1515 10

48 1844 87 1874 15

46 2457 88 2488 20

12 2816 88 2847 ·25

436 216 654 245 SVENONIS
686 216 877 244 AGGONIS
911 216 1012 243 FILII
1049 217 1129 244 LEX
1164 216 1431 244 CAs'rnl-:Nsls
1703 206 1754 245 67

916 328 954 388 S

118 440 165 477 ut
195 437 417 489 ampliore
449 435 628 476 dicendi
663 436 874 475 facultate
908 435 1176 476 florentibus
1216 435 1453 475 materiam
1494 436 1755 487 elegantiori

116 508 217 549 stilo
250 508 570 549 elaborandam
606 508 853 560 preberem.
918 507 1071 547 Primo
1104 507 1256 561 itaque
1289 508 1343 547 de
1377 508 1524 559 legum
1565 513 1758 548 castren-

116 580 234 622 sium
267 579 581 620 conditoribus
613 580 787 626 dicam;
821 580 998 631 deinde,
1033 593 1169 631 quare
1202 584 1243 620 et
1277 580 1466 620 ubinam
1500 580 1617 631 leges
1652 581 1758 620 istas

117 652 521 706 promulgauerint,
555 653 768 692 edocebo.

842 846 965 886 CAP.
1002 846 1031 886 I.

201 935 280 974 DE
317 935 559 975 KANVTO
595 934 820 986 MAGNO,
855 933 1057 974 LEGVM
1094 933 1507 974 CASTRENSIVM
1543 934 1675 974 SIVE

570 1005 896 1046 CVRIALIVM
931 1005 1300 1046 CONDITORE.

211 1078 334 1155 Rex
365 1112 518 1166 itaque
555 1112 777 1163 Kanutus,
825 1111 1052 1152 Suenonis
1084 1112 1395 1164 Tyugescheg,
1442 1112 1587 1153 Danie
1627 1113 1757 1164 regis,

114 1185 250 1236 filius,
281 1197 386 1225 cum
419 1183 554 1224 auitis
585 1183 735 1235 regnis
767 1183 1108 1237 prouinciisque
1142 1184 1312 1236 potitus
1345 1188 1474 1231 esset,
1506 1184 1564 1224 ab
1596 1184 1756 1224 ultima

115 1257 259 1309 Thyle
297 1268 441 1309 usque
481 1256 538 1295 ad
572 1255 819 1296 Grecorum
853 1255 1099 1308 imperium
1137 1255 1309 1296 inuicto
1351 1257 1553 1310 quodam
1595 1257 1756 1296 robore

114 1328 298 1369 ditionis
331 1341 410 1368 sue
441 1327 661 1367 terminos
695 1327 936 1379 magnifice
960 1327 1182 1368 dilatauit.
1231 1328 1363 1380 Nam,
1396 1329 1559 1369 diffuse
1587 1329 1756 1381 magni-

113 1400 284 1441 tudinis
322 1400 523 1453 potentia
565 1411 731 1452 magno
771 1400 911 1440 ferme
943 1413 1025 1453 par
1055 1400 1328 1452 Alexandro,
1374 1401 1599 1453 Angliam,
1647 1401 1757 1441 Nor-

115 1472 309 1524 uagiam,
349 1472 591 1521 Sclauiam,
634 1472 925 1512 Finlandiam
958 1485 1210 1526 omnesque
1242 1472 1616 1513 circumiacentes
1648 1474 1755 1525 regi-

113 1558 223 1585 ones
263 1557 393 1584 suam
433 1544 478 1584 in
513 1548 778 1597 potestatem
822 1545 993 1596 redegit
1032 1545 1270 1598 patrioque
1307 1556 1445 1597 regno
1478 1545 1752 1596 subiugauit.

114 1619 243 1658 Unde
282 1617 467 1668 factum,
514 1621 562 1656 ut
603 1617 659 1656 ad
698 1616 842 1669 ipsius
885 1617 1039 1656 aulam
1079 1617 1165 1656 uiri
1205 1617 1409 1657 bellicosi
1444 1618 1615 1670 passim
1649 1630 1754 1657 con-

114 1690 316 1735 fluerent,
375 1689 453 1743 qui
500 1689 558 1729 ob
606 1688 786 1729 uirtutis
832 1692 874 1728 et
922 1688 1109 1729 uictorie
1154 1689 1327 1729 famam
1374 1689 1487 1730 tanti
1535 1689 1754 1743 principis

113 1761 332 1815 obsequio
372 1761 576 1801 certatim
615 1773 661 1801 se
699 1760 1106 1815 incunctanterque
1151 1761 1435 1802 dediderunt.
1499 1762 1754 1802 Numerosa

112 1835 264 1888 itaque
313 1834 517 1873 uirorum
566 1832 833 1873 militarium
882 1834 1015 1874 turba
1062 1834 1119 1874 ad
1166 1833 1311 1886 ipsius
1357 1834 1541 1887 quidem
1583 1834 1751 1886 regiam

113 1906 346 1955 conuenit·,
408 1906 483 1945 sed
535 1918 695 1945 omnes
740 1909 893 1946 tamen
941 1906 1039 1958 pari
1086 1906 1252 1946 uirtute
1299 1906 1565 1959 neutiquam
1615 1907 1754 1946 excel-

115 1978 306 2018 luerunt.

826 2107 949 2148 CAP.
985 2108 1037 2147 ll.

580 2196 660 2236 DE
694 2195 877 2236 CAVSA
911 2195 1285 2236 ELECTIONIS.

205 2266 462 2363 Quocirca
502 2315 579 2342 rex
613 2303 820 2341 Kanutus
858 2302 914 2340 ad
957 2302 1078 2341 hane
1116 2301 1302 2341 tandem
1343 2313 1501 2341 curam
1543 2301 1751 2341 animum

113 2373 316 2423 intendit,
349 2377 398 2414 ut
428 2374 624 2414 militum
660 2373 910 2424 cohortem,
949 2373 1074 2426 prius
1107 2373 1248 2413 ueluti
1280 2372 1472 2414 confuso
1505 2373 1662 2414 ordine
1694 2374 1751 2413 ab

113 2445 310 2486 inuicem
357 2459 449 2487 non
496 2446 851 2499 discrepantem,
912 2444 1036 2485 iuxta
1083 2445 1352 2485 meritorum
1398 2445 1663 2499 qualitatem
1711 2449 1751 2484 et

112 2517 332 2558 uirtutum
357 2517 681 2571 experientiam
707 2521 968 2568 segregaret.
1020 2517 1233 2570 Inprimis
1267 2530 1375 2557 uero
1408 2530 1488 2557 sue
1522 2517 1752 2557 familiari-

114 2590 190 2630 tati
229 2590 474 2642 adiungere
520 2589 732 2635 decreuit,
780 2602 897 2643 quos
943 2589 1015 2630 uel
1063 2593 1356 2629 stemmatum
1403 2589 1545 2629 titulis
1593 2589 1751 2629 florere

112 2662 184 2702 uel
208 2662 473 2702 facultatum
503 2661 645 2715 copiis
672 2661 920 2702 exuberare
944 2660 1175 2712 didicerat,
1206 2665 1255 2701 ut
1279 2674 1444 2714 nempe
1471 2665 1512 2701 et
1535 2672 1751 2713 generosa

112 2733 195 2773 orti
240 2734 453 2786 prosapia
501 2734 681 2774 uirtutis
720 2733 895 2786 apicem
937 2737 1236 2785 capesserent,
1283 2737 1323 2773 et
1370 2733 1656 2786 locupletiori
1703 2733 1749 2772 in

112 2804 282 2846 familia
337 2806 516 2846 educati
569 2809 799 2846 armature
852 2804 1049 2844 imbellis
1106 2818 1196 2845 non
1244 2805 1533 2846 afficerentur
1580 2804 1748 2857 inopia.

113 2933 260 2969 omissa
291 2935 456 2980 propter
481 2932 794 2982 compendium).
857 2934 919 2969 19.
953 2943 1047 2968 cum
1074 2932 1223 2979 itaque.
1287 2934 1350 2969 20.
1380 2934 1624 2969 innumeros
1654 2931 1750 2981 (pro

112 3002 155 3035 tfi
180 2999 426 3050 uniuersos).
475 3002 538 3038 23.
564 3002 806 3048 segregauit.
861 3002 923 3037 25.
948 3001 1260 3037 familiariorem
1284 3000 1380 3050 (pro
1403 3000 1665 3037 familiariori
1687 2993 1749 3047 ιῗι).

114 3057 176 3093 26.
209 3061 250 3093 vt
280 3061 386 3104 pote.
448 3059 511 3094 28.
543 3059 722 3094 educatu
755 3058 923 3094 familia.

1502 3124 1545 3155 5*
