2150 3584
525 219 820 249 COMPENDIVM
853 219 1051 249 SAxoms.
1101 221 1183 250 Lm.
1219 222 1264 250 111
1633 210 1715 250 245

156 337 227 378 V1.
278 336 348 389 Dij
376 335 524 388 igitur,
549 335 717 389 quibus
746 335 962 388 precipua
990 335 1111 388 apud
1134 335 1398 376 Bizancium
1428 337 1557 376 sedes
1585 336 1718 376 habe-

71 410 225 461 batur,
273 408 477 449 videntes
511 407 662 449 Othen
696 406 950 447 diuinitatis
993 407 1184 458 gloriam
1225 409 1415 460 turpiter
1448 409 1717 459 maculasse,

74 485 222 535 vtpote
255 480 333 534 qui
366 479 604 521 mulierem
639 493 685 520 se
720 479 885 520 fecerat
915 491 969 519 ac
1000 479 1086 519 alia
1121 479 1305 519 vilitatis
1331 480 1482 520 officia
1507 485 1718 532 gesserat,

70 567 95 595 a
135 566 218 594 suo
265 552 454 605 collegio
494 553 808 593 amouendum
850 564 903 592 ac
942 552 996 591 de
1036 553 1175 592 domo
1220 553 1401 605 propria
1437 553 1717 606 proscriben-

70 627 181 667 dum
213 626 526 666 decreuerunt.
589 624 815 664 Videbant
848 624 985 674 enim,
1033 625 1156 677 quod
1201 637 1361 665 omnes
1394 625 1452 678 dij
1489 639 1512 665 a
1547 625 1717 678 populo

70 700 524 751 contempnerentur,
570 697 757 751 quando
806 696 953 736 maior
999 696 1115 736 inter
1160 709 1238 737 eos
1283 697 1396 737 deus
1436 702 1526 738 tam
1568 698 1717 750 turpia

71 770 324 825 peregisset.
402 770 507 823 Ipso
547 769 683 822 igitur
722 768 977 822 proscripto
1019 768 1159 809 alium
1201 771 1430 823 quendam
1474 771 1574 811 loco
1607 770 1718 821 eius,

70 842 277 884 Ollerum
322 842 529 894 nomine,
573 842 907 882 substituerunt
937 839 1024 906 <et>
1058 841 1096 882 ei
1130 854 1297 882 nomen
1332 842 1483 883 Othen
1515 843 1718 896 impone-

70 915 190 956 bant.
255 914 345 965 Qui
378 927 483 955 cum
516 927 554 955 x.
589 914 722 955 annis
755 914 1073 968 pontificatum
1107 914 1330 967 gessisset,
1365 915 1631 956 miserantes
1655 914 1714 967 dij

72 986 377 1041 prolixitatem
425 987 542 1040 exiiij
586 987 736 1028 Othen
785 987 840 1027 de
880 987 1014 1027 exilio
1056 991 1410 1038 reuocauerunt,
1456 988 1549 1028 iam
1596 987 1717 1028 enim

72 1072 151 1114 per
196 1063 374 1100 tantum
420 1063 602 1113 tempus
649 1059 844 1100 extincta
904 1059 1001 1099 eius
1047 1059 1237 1100 infamia
1285 1060 1536 1101 videbatur.
1614 1061 1717 1111 Quo

71 1144 255 1173 reuerso
287 1131 469 1173 Ollerus
502 1145 526 1172 a
561 1132 774 1172 Bizancio
807 1131 920 1183 fugit
954 1131 1000 1171 in
1034 1131 1276 1181 Sweciam3
1320 1131 1394 1172 vbi
1427 1144 1532 1172 cum
1567 1145 1718 1186 super-

71 1203 285 1245 sticiones
317 1217 423 1245 suas
456 1217 662 1245 exercere
693 1205 839 1255 vellet,
882 1217 907 1244 a
941 1204 1084 1244 Danis
1115 1203 1380 1244 interfectus
1413 1208 1490 1245 est.
1565 1205 1716 1247 Othen

71 1287 175 1329 ergo
221 1277 268 1317 in
308 1277 500 1329 gloriam
543 1277 783 1331 pristinam
826 1277 1060 1317 restitutus
1094 1276 1241 1317 tilium
1276 1277 1446 1330 Boum,
1494 1290 1629 1331 quem
1663 1278 1718 1318 de

71 1349 217 1390 Rinda
243 1349 479 1402 habuerat,
511 1349 783 1390 accersitum
809 1362 905 1390 esse
929 1349 1055 1390 iubet
1083 1362 1331 1390 memorem
1358 1349 1482 1390 necis
1507 1350 1716 1391 fraterne.

72 1422 245 1462 Interea
276 1422 493 1463 Gewarus
519 1422 624 1462 dolo
658 1422 844 1475 prefecti
877 1422 947 1463 sui
981 1422 1222 1463 Gunnonis
1254 1426 1481 1462 nocturno
1513 1425 1718 1476 tempore

71 1498 136 1535 est
167 1494 366 1545 occisus3
400 1508 492 1549 quo
525 1495 681 1535 audito
703 1495 933 1552 Hotherus
962 1494 1213 1549 prefectum
1246 1495 1398 1548 ipsum
1432 1495 1551 1548 cepit
1582 1499 1717 1549 atque

69 1566 116 1607 in
147 1567 318 1620 ingenti
350 1578 459 1619 rogo
491 1567 651 1608 viuum
686 1568 920 1620 cremauit,
953 1567 1165 1621 filiosque
1198 1567 1374 1608 Gewari
1409 1567 1642 1608 Herletum
1677 1572 1718 1609 et

71 1639 281 1680 Gericum
323 1640 559 1692 Norwegie
606 1640 804 1693 prefecit.
885 1641 1059 1681 Deinde
1105 1639 1371 1680 conuocatis
1419 1639 1716 1692 optimatibus

69 1711 277 1765 predixit,
315 1716 361 1754 vt
392 1725 417 1752 a
450 1712 631 1753 vatibus
663 1712 897 1766 didicerat,
945 1727 991 1754 se
1025 1713 1299 1754 moriturum
1332 1712 1378 1752 in
1413 1711 1546 1766 bello,
1592 1714 1715 1766 quod

69 1784 292 1825 aduersus
325 1785 473 1826 Boum
518 1796 670 1837 gerere
716 1785 913 1837 deberet,
959 1784 1243 1838 rogauitque,
1290 1788 1336 1826 vt
1382 1785 1530 1826 filium
1578 1799 1715 1826 suum

71 1856 286 1897 Roricum
327 1868 463 1910 regno
501 1858 716 1911 preficere
758 1857 1066 1910 dignarentur.
1144 1857 1247 1909 Quo
1288 1857 1439 1898 statim
1473 1858 1715 1911 impetrato

69 1941 174 1969 cum
209 1930 303 1970 Boo
336 1940 539 1983 pugnam
578 1930 810 1983 ingressus
851 1934 916 1972 est
959 1930 1150 1971 occisus.
1230 1930 1314 1971 Sed
1362 1935 1403 1971 et
1449 1930 1544 1984 ipse
1594 1932 1715 1972 Bous

68 2005 160 2042 tam
207 2002 404 2054 grauiter
449 2003 715 2044 vulneratus
761 2003 864 2055 fuit,
923 2007 969 2044 vt
1022 2006 1126 2056 post
1169 2007 1259 2043 tres
1306 2003 1402 2043 dies
1449 2008 1713 2044 moreretur.

70 2073 211 2115 Cuius
241 2086 409 2128 corpus
439 2075 559 2116 facto
592 2086 759 2128 magno
791 2076 906 2116 colle
940 2074 1103 2116 Ruteni
1131 2075 1492 2117 tumulauerunt.

153 2196 248 2239 VII.
313 2162 531 2239 Mortuo
565 2197 770 2238 Hothero
812 2198 1005 2249 Curetes,
1046 2197 1188 2238 Sweci
1227 2202 1268 2238 et
1300 2197 1445 2250 Slaui,
1478 2197 1556 2252 qui
1588 2198 1715 2251 prius

67 2268 290 2322 tributarij
341 2273 487 2321 erant,
551 2269 748 2310 Daniam
795 2269 1010 2310 infestare
1057 2273 1296 2323 ceperunt3
1360 2274 1542 2324 propter
1591 2271 1714 2324 quod

157 2391 189 2427 1.
238 2391 330 2437 Byz.
370 2391 413 2427 A.
505 2391 538 2426 3.
581 2393 724 2437 vtpute
765 2391 838 2437 qui
879 2391 929 2435 D;
976 2393 1117 2437 vtpote
1157 2391 1272 2437 quod
1311 2391 1387 2427 AS.
1478 2391 1633 2428 faceret
1670 2392 1715 2427 V.

69 2448 103 2483 4.
143 2447 425 2484 &mouendum
466 2449 499 2483 A
536 2448 609 2493 (sic
646 2447 816 2494 soepius).
908 2448 1082 2494 proprio
1123 2448 1166 2484 V.
1257 2449 1293 2483 5.
1339 2448 1541 2484 Videbant
1587 2448 1716 2494 Saaeo,

69 2504 429 2550 Eibebant(!)DV;
460 2505 696 2541 Credebant
711 2505 788 2541 AS.
854 2505 888 2542 6.
914 2507 1365 2551 contempnerarentur
1381 2506 1426 2541 V.
1489 2506 1524 2542 8.
1552 2506 1713 2542 olerum

69 2561 111 2598 V.
187 2565 225 2598 et
257 2561 409 2598 addidi.
488 2562 596 2598 8-9.
629 2562 894 2609 imponentes
925 2562 1001 2598 AS.
1082 2562 1117 2598 9.
1150 2563 1293 2598 decem
1327 2564 1370 2598 A.
1451 2563 1512 2599 10.
1546 2573 1716 2599 reuoca-

67 2617 197 2664 ba(n)t
220 2619 340 2664 A(S).
407 2620 468 2656 11.
499 2620 696 2656 instincta
723 2619 761 2655 S.
823 2620 864 2655 in
897 2619 1050 2655 famam
1081 2620 1124 2654 A.
1188 2620 1352 2656 12—13.
1385 2630 1474 2666 sup.
1508 2631 1567 2656 ex.
1592 2619 1715 2656 vellet

67 2686 163 2712 suas
195 2676 235 2713 S.
308 2677 368 2712 14.
400 2677 526 2722 igitur
558 2677 602 2712 V.
675 2676 729 2712 fil.
761 2687 885 2712 suum
919 2677 1051 2712 Boum
1084 2676 1160 2713 AS.
1233 2678 1293 2712 15.
1328 2687 1556 2713 memorem
1588 2676 1714 2723 Saxo3

69 2734 267 2769 memoria
298 2734 350 2778 D,
384 2735 631 2769 memoriam
650 2733 762 2769 VAS.
828 2734 992 2770 16—17.
1034 2732 1156 2769 Verba
1189 2734 1408 2769 Gunnonis
1429 2764 1434 2770 .
1456 2765 1461 2770 .
1480 2733 1713 2780 prefectum

67 2799 143 2826 om.
162 2790 207 2826 D.
272 2791 331 2826 17.
351 2790 559 2836 prefectus
579 2790 654 2827 SV.
720 2791 780 2827 18.
806 2791 846 2826 in
867 2801 944 2826 om.
963 2790 1075 2826 ASV.
1138 2790 1308 2837 filioque
1326 2792 1371 2827 A.
1438 2792 1498 2827 19.
1526 2791 1714 2827 Geritum

31 2865 37 2869 ·
65 2845 182 2883 Saxo.
264 2848 424 2885 vocatis
459 2848 535 2884 AS.
620 2849 684 2884 20.
721 2847 900 2894 predixit
931 2847 978 2892 S;
1025 2846 1262 2894 predixerat
1294 2848 1411 2883 DVA.
1488 2848 1552 2884 22.
1586 2857 1714 2894 regno

65 2902 192 2949 Saae03
224 2913 359 2950 regem
380 2904 476 2950 DV,
509 2906 594 2951 regi
611 2905 687 2941 AS.
751 2905 812 2940 24.
838 2904 1041 2951 postridie
1056 2904 1175 2940 Saxo.
1238 2905 1301 2940 25.
1334 2904 1596 2940 tumularunt
1610 2905 1714 2941 V.—

67 2959 129 2996 26.
161 2960 373 3008 Inscriptio
405 2963 446 2998 in
471 2963 522 2998 D:
557 2962 734 3002 Roricus
754 2962 840 3006 1493
875 2961 988 2997 inA:
1023 2962 1081 2997 De
1110 2961 1217 3007 Rege
1243 2961 1405 3004 Rorico,
1438 2963 1474 2997 et
1505 2962 1545 2997 in
1580 2972 1712 3008 [Παῖς.

66 3025 128 3053 xx.
161 3018 287 3064 Rorig
319 3019 471 3055 Otthen
507 3021 603 3064 som).
680 3019 852 3055 Curetes
869 3018 999 3063 Saxo3
1030 3022 1198 3065 curi-etc)
1218 3019 1269 3058 V:
1301 3019 1433 3054 cureti
1457 3019 1510 3063 D;
1542 3029 1715 3054 concor-

65 3073 209 3110 dantes
223 3077 260 3120 (Ι)
285 3076 336 3121 A3
369 3076 419 3112 M.
442 3076 607 3113 lothero
636 3076 814 3111 Roricus
839 3075 1051 3112 successit.
1087 3076 1203 3112 sweci
1222 3076 1262 3111 S.
1326 3076 1390 3112 27.
1424 3076 1647 3112 tribunarii
1669 3075 1713 3118 S,

135 3153 235 3184 Script.
257 3155 321 3179 hist.
343 3155 413 3180 Dan.
435 3157 570 3180 minores.
1465 3142 1506 3174 1⁷

1747 996 1787 1026 10

1746 1357 1786 1387 15

1742 1721 1784 1751 20

1741 2083 1783 2114 25
