2150 3584
573 235 866 264 COMPENDIVM
900 234 1098 263 SAxonis.
1148 235 1230 262 ΜΒ.
1268 235 1278 261 1
1664 223 1739 261 221

103 351 358 392 Humblum
378 353 418 390 et
439 350 703 399 Lotherum,
727 362 778 388 ex
798 348 970 396 (iritha‚
990 348 1273 388 nobilissima
1295 351 1502 387 matrona
1516 347 1746 387 Teotonie.

104 424 259 464 Frater
300 422 396 462 eius
428 422 574 473 Angul
609 421 816 473 Angliam
859 420 1105 473 aequisiuit
1143 424 1183 459 et
1216 432 1268 459 ex
1302 432 1384 459 suo
1419 419 1604 458 nomine
1638 432 1749 458 nun-

101 495 300 548 cupauit.
376 494 556 534 Mortuo
605 494 704 533 Dan
755 493 1057 542 Humblus,
1107 492 1227 531 lilius
1274 491 1385 539 eius,
1432 491 1469 530 ei
1519 491 1562 530 in
1612 501 1749 542 regno

102 567 344 616 successit;
391 565 469 620 qui
516 565 637 606 iners
685 569 726 605 et
772 578 916 605 vanus
966 577 1044 617 per
1092 564 1272 603 fratrem
1323 576 1456 603 suum
1502 563 1748 603 Lotherum

103 639 450 693 conspiracione
504 638 619 678 facta
677 639 730 677 de
779 649 916 689 regno
963 636 1219 689 deponitur.
1313 636 1598 676 Lotherus
1644 647 1749 674 vero
1778 642 1796 672 5

102 723 292 764 regnum
326 711 518 763 adeptus
551 710 840 763 tyrannidem
876 709 1076 750 exercuit
1107 708 1506 761 indifferenterque
1544 720 1751 760 proceres

104 783 238 824 bonis
271 786 313 823 et
344 783 433 823 vita
468 782 691 835 priuauit;
725 786 908 835 propter
940 782 1063 834 quod
1096 793 1120 820 a
1150 781 1321 834 populo
1348 780 1647 832 interemptus
1673 783 1749 818 est.

191 855 243 895 ΙΙ.
294 854 412 895 Huic
436 854 654 894 successit
679 854 800 894 filius
827 867 937 894 suus
957 853 1168 903 Skiold,
1202 853 1332 893 cuius
1358 857 1449 892 tam
1479 851 1751 903 sollempnia

104 939 242 980 opera
290 927 434 977 fuere,
492 930 537 966 vt
591 927 648 967 ab
696 927 796 980 ipso
843 926 976 967 ceteri
1026 926 1262 965 Danorum
1312 936 1437 976 reges
1484 922 1752 974 Skioldungi

104 999 375 1040 dicerentur.
454 999 570 1038 Nam
619 1003 735 1051 ante,
789 1011 927 1053 quam
977 1002 1093 1039 esset
1139 1010 1221 1038 ‚xv.
1270 1009 1514 1048 annorum,
1561 995 1754 1047 ingentis
1783 1002 1823 1032 10

105 1071 434 1124 magnitudinis
475 1085 631 1112 vrSunl
676 1071 761 1112 sibi
803 1072 848 1112 in
882 1070 1131 1112 venacione
1164 1073 1493 1118 occurrentem,
1541 1067 1756 1121 quamuis

106 1148 221 1185 esset
251 1143 454 1195 inermis,
503 1144 619 1197 cepit
660 1144 937 1198 proprioque
978 1143 1160 1195 cingulo
1202 1141 1357 1194 ligauit
1390 1154 1443 1181 ac
1475 1140 1609 1180 sociis
1643 1139 1756 1179 occi-

107 1217 309 1256 dendum
343 1216 535 1268 prebuit.
601 1217 768 1257 Multos
802 1217 946 1257 eciam
979 1214 1238 1256 excellentis
1273 1213 1550 1255 fortitudinis
1584 1211 1756 1265 pugiles

107 1301 159 1328 eo
190 1292 395 1341 tempore
428 1288 675 1341 superauit.
740 1288 855 1329 Cum
889 1292 1040 1328 autem
1077 1300 1157 1328 ,xv
1193 1291 1307 1327 esset
1340 1298 1584 1335 annorum,
1619 1283 1757 1324 inusi-

105 1364 206 1416 tato*
259 1360 464 1413 corporis
524 1361 808 1402 incremento
870 1360 1253 1414 perfectissimum
1325 1358 1518 1399 humani
1581 1355 1758 1397 roboris
1786 1364 1826 1394 15

109 1417 368 1486 (specimen)
423 1432 679 1485 preferebat
733 1433 1066 1487 conflictusque
1121 1432 1276 1484 gessit,
1340 1430 1406 1483 [et]
1455 1443 1651 1484 quorum
1700 1429 1758 1470 ob

108 1508 310 1544 teneram
353 1508 516 1545 etatem
558 1505 633 1545 vix
673 1505 952 1558 inspectator
985 1518 1081 1545 esse
1115 1508 1301 1557 poterat.
1365 1504 1458 1544 Nec
1491 1503 1645 1542 minus
1676 1501 1759 1542 vir-

109 1576 284 1617 tutibus
316 1589 455 1630 quam
489 1577 663 1618 viribus
694 1578 1000 1630 resplenduit:
1035 1590 1142 1617 nam
1172 1576 1338 1629 impias
1363 1576 1481 1626 leges
1506 1574 1759 1626 abrogauit,

111 1649 332 1690 salutares
378 1649 530 1701 edidit,
578 1650 633 1690 de
681 1650 875 1690 infirmis
923 1655 963 1691 et
1004 1649 1284 1703 pauperibus
1331 1660 1488 1688 curam
1528 1646 1664 1699 gessit
1705 1650 1759 1696 et,

111 1720 334 1775 quidquid
391 1723 446 1762 ad
506 1723 848 1763 emendandum
904 1727 1071 1763 statum
1121 1713 1515 1775 pan-ie'attinuit,
1578 1731 1758 1759 summa
1787 1724 1828 1754 20

112 1793 353 1845 diligencia
385 1794 591 1847 prestitit,
637 1794 794 1835 dicens
826 1807 872 1835 se
905 1808 995 1835 non
1032 1794 1101 1835 sui
1135 1794 1211 1834 sed
1246 1793 1388 1846 patrie
1422 1805 1578 1832 curam
1614 1803 1761 1831 susce-

113 1865 244 1919 pisse.
308 1865 395 1906 Hic
434 1867 492 1907 ob
534 1880 740 1908 amorem
774 1867 1015 1908 cuiusdam
1050 1865 1357 1919 pulcherrime
1390 1865 1538 1917 puelle
1570 1863 1761 1904 Alwilde

113 1950 218 1978 cum
259 1937 404 1991 Scato,
451 1939 656 1992 principe
689 1940 970 1991 Alemannie,
1018 1939 1223 1979 eiusdem
1266 1938 1413 1991 puelle
1452 1936 1761 1989 competitore,

114 2014 320 2062 presente
353 2011 709 2052 Teutonicorum
757 2013 1088 2065 Danorumque
1136 2010 1333 2050 exercitu
1377 2010 1421 2049 iu
1465 2009 1617 2049 duello
1659 2020 1761 2048 con-

115 2081 242 2134 flixit,
281 2082 525 2138 ipsumque
556 2084 779 2124 interfecit
811 2096 862 2125 ac
896 2083 1170 2124 Teutoni-am
1206 2082 1292 2123 sibi
1323 2081 1611 2122 tributariam
1647 2079 1760 2120 fecit.
1789 2085 1830 2115 25

116 2155 354 2208 Accipiens
395 2160 547 2196 autem
588 2157 838 2209 predictam
882 2157 1079 2209 puellam
1124 2155 1169 2195 in
1219 2154 1483 2206 coniugium
1531 2152 1763 2205 generauit

117 2239 170 2267 ex
202 2240 252 2267 ea
285 2227 432 2268 filium
467 2228 618 2280 Grani,
652 2241 677 2268 a
709 2242 802 2282 quo
836 2228 1166 2270 Gramhaeraeth
1200 2230 1503 2279 nuncupatur.

207 2361 238 2395 1.
259 2360 458 2396 Humlum
477 2361 547 2396 DV
564 2360 671 2408 (ilem
692 2361 727 2401 3,
746 2360 799 2396 ibi
815 2358 1005 2407 eiiumA).
1053 2360 1197 2401 lutbeit
1212 2370 1258 2395 ex
1277 2359 1424 2405 grytha
1440 2359 1479 2394 S.
1528 2359 1561 2394 2.
1581 2358 1668 2393 eius
1687 2368 1763 2392 0111.

118 2416 193 2452 As.
256 2419 294 2452 et
308 2417 390 2463 AS;
413 2428 460 2453 ac
476 2418 557 2453 DV.
606 2419 639 2454 3.
659 2419 691 2453 Α
710 2419 749 2453 in
772 2429 899 2464 marg).
920 2418 966 2452 ΙΙ.
989 2417 1168 2452 Humble
1189 2418 1298 2452 Dans
1320 2418 1405 2457 [ους
1439 2417 1480 2451 5;
1506 2416 1573 2450 ΙΙΙ.
1595 2415 1765 2450 Lottber

123 2473 316 2510 Humblis
358 2474 532 2519 broder;
581 2476 626 2511 8:
661 2475 750 2510 IIII.
785 2474 938 2521 Skyold
972 2474 1148 2510 lotthers
1184 2477 1261 2509 fon.
1351 2474 1384 2508 4.
1418 2473 1530 2508 iners
1563 2476 1600 2507 et
1633 2483 1764 2507 vanus

119 2540 168 2566 erc
197 2530 302 2566 Αηη.
335 2531 502 2578 Ryen3.3
545 2543 622 2578 pro
653 2532 766 2567 iners
799 2530 842 2567 S¹
878 2531 918 2566 in
953 2532 1023 2572 eis,
1068 2531 1173 2566 unde
1204 2528 1253 2566 S3
1284 2531 1428 2566 iuueis.
1512 2530 1545 2565 6.
1580 2529 1699 2564 tiran.
1731 2529 1764 2562 V

119 2586 206 2635 (690
236 2598 396 2634 semper
424 2586 472 2637 y).
564 2589 774 2624 excercuit
806 2588 912 2624 DVA
944 2587 995 2635 (et
1024 2588 1080 2623 sie
1109 2587 1330 2633 soepissime
1360 2587 1403 2623 Jn'
1434 2586 1557 2623 codd..
1605 2596 1686 2620 non
1720 2585 1766 2621 S:

121 2644 240 2680 etiam
280 2646 511 2681 excercitus
557 2649 593 2682 ei
632 2646 805 2683 similia:
853 2645 959 2691 quod
997 2656 1079 2680 non
1122 2645 1299 2689 amplius
1337 2642 1565 2680 adnotalvoi.
1654 2642 1765 2677 inde—

121 2704 345 2747 renterque
374 2703 402 2738 S
433 2701 484 2750 (et
517 2702 669 2748 infiniti
699 2703 794 2739 sunl
826 2703 866 2737 in
899 2702 974 2737 hoc
1003 2701 1136 2737 codice
1166 2702 1250 2736 eius
1279 2701 1436 2747 qenes-is
1469 2710 1634 2737 errores,
1669 2709 1766 2745 quos

123 2758 319 2794 adnotare
355 2769 703 2805 superuacaneum
741 2757 897 2806 iudico).
989 2759 1022 2795 7.
1056 2758 1181 2793 vitam
1215 2757 1308 2794 ASl.
1401 2759 1435 2793 8.
1468 2757 1655 2792 solennia
1691 2755 1766 2790 DS.

124 2815 160 2850 9.
179 2814 350 2851 fuerunt
367 2816 411 2851 D.
470 2817 633 2853 11—12.
657 2817 852 2862 quamuis
872 2815 948 2851 suit
965 2815 1040 2851 As.
1107 2815 1164 2850 13.
1186 2815 1484 2860 magnitudinis
1504 2814 1548 2848 D.
1615 2815 1672 2848 l-l.
1694 2812 1768 2847 fuit

124 2881 331 2908 annorum
366 2873 414 2918 ὃς
460 2884 669 2909 annorum
702 2873 779 2909 fuit
812 2873 854 2909 Α.
936 2873 997 2908 15.
1029 2871 1131 2918 pers.
1166 2872 1350 2907 humano
1384 2871 1536 2907 robore
1569 2871 1620 2908 A:
1667 2869 1768 2915 pers.

124 2928 260 2964 virum
296 2928 529 2978 liumane(!)
560 2931 726 2966 roboris
760 2930 799 2966 S.
879 2930 938 2964 16.
971 2930 1182 2975 specimen
1227 2939 1275 2964 ezr
1304 2929 1466 2965 Saxone
1496 2927 1644 2962 addidi.
1730 2929 1767 2960 ct

125 2984 262 3021 deleui.
321 2987 383 3022 17.
401 2989 586 3023 tenerem
605 2985 749 3035 V(D1).
807 2989 949 3033 posset
966 2986 1041 3021 As.
1098 2986 1160 3020 21.
1179 2996 1222 3020 se
1241 2996 1318 3023 om.
1339 2986 1366 3021 S
1425 2985 1488 3020 23.
1507 2983 1699 3019 alimanie
1717 2983 1769 3019 V:

127 3043 307 3078 teotonie
332 3043 371 3079 S.
434 3045 498 3080 25.
533 3044 809 3080 tribunariam
843 3043 882 3079 S.
940 3043 1003 3079 27.
1035 3051 1174 3088 graam
1207 3043 1277 3077 DV
1304 3042 1340 3078 11.
1370 3043 1391 3077 I.
1452 3053 1473 3076 a
1507 3052 1590 3087 quo
1616 3040 1769 3075 dicitur

126 3100 322 3152 gramlire
338 3103 605 3146 nuncupatur
621 3101 710 3145 DV;
741 3111 842 3136 corr.
861 3099 934 3136 D2:
967 3111 988 3134 a
1007 3110 1103 3145 quo,
1121 3102 1163 3134 vt
1180 3099 1344 3138 dicitur,
1363 3100 1404 3134 G.
1425 3109 1479 3134 n.:
1512 3098 1597 3132 inV
1617 3097 1770 3132 dicitur

128 3154 297 3192 deletum
330 3160 402 3199 esst
435 3168 455 3192 a
489 3168 573 3203 quo
606 3157 759 3193 dicitur
791 3157 832 3192 G.
866 3157 941 3192 AS.
1005 3155 1090 3191 Hoc
1120 3166 1169 3191 ex
1194 3156 1299 3191 Αιιη.
1327 3156 1472 3201 Ryens.
1503 3155 1671 3200 petilum
1705 3155 1768 3188 est.
