<?xml version="1.0" encoding="UTF-8"?>
<!DOCTYPE html PUBLIC "-//W3C//DTD XHTML 1.0 Transitional//EN"
    "http://www.w3.org/TR/xhtml1/DTD/xhtml1-transitional.dtd">
<html xmlns="http://www.w3.org/1999/xhtml" xml:lang="en" lang="en">
 <head>
  <title>
</title>
<meta http-equiv="Content-Type" content="text/html;charset=utf-8" />
  <meta name='ocr-system' content='tesseract 3.04.00' />
  <meta name='ocr-capabilities' content='ocr_page ocr_carea ocr_par ocr_line ocrx_word'/>
</head>
<body>
  <div class='ocr_page' id='page_1' title='image "./scriptoresminore112gert_0140.png"; bbox 0 0 2150 3584; ppageno 0'>
   <div class='ocr_carea' id='block_1_1' title="bbox 296 1109 337 1140">
    <p class='ocr_par' dir='ltr' id='par_1_1' title="bbox 296 1109 337 1140">
     <span class='ocr_line' id='line_1_1' title="bbox 296 1109 337 1140; baseline 0 0"><span class='ocrx_word' id='word_1_1' title='bbox 296 1109 337 1140; x_wconf 92' lang='lat'>10</span> 
     </span>
    </p>
   </div>
   <div class='ocr_carea' id='block_1_2' title="bbox 297 1472 337 1502">
    <p class='ocr_par' dir='ltr' id='par_1_2' title="bbox 297 1472 337 1502">
     <span class='ocr_line' id='line_1_2' title="bbox 297 1472 337 1502; baseline 0 0"><span class='ocrx_word' id='word_1_2' title='bbox 297 1472 337 1502; x_wconf 88' lang='lat'>15</span> 
     </span>
    </p>
   </div>
   <div class='ocr_carea' id='block_1_3' title="bbox 298 2083 340 2114">
    <p class='ocr_par' dir='ltr' id='par_1_3' title="bbox 298 2083 340 2114">
     <span class='ocr_line' id='line_1_3' title="bbox 298 2083 340 2114; baseline 0.024 -1"><span class='ocrx_word' id='word_1_3' title='bbox 298 2083 340 2114; x_wconf 88' lang='lat'>20</span> 
     </span>
    </p>
   </div>
   <div class='ocr_carea' id='block_1_4' title="bbox 300 2444 342 2474">
    <p class='ocr_par' dir='ltr' id='par_1_4' title="bbox 300 2444 342 2474">
     <span class='ocr_line' id='line_1_4' title="bbox 300 2444 342 2474; baseline 0 0"><span class='ocrx_word' id='word_1_4' title='bbox 300 2444 342 2474; x_wconf 91' lang='lat'>25</span> 
     </span>
    </p>
   </div>
   <div class='ocr_carea' id='block_1_5' title="bbox 366 219 1681 259">
    <p class='ocr_par' dir='ltr' id='par_1_5' title="bbox 366 219 1681 259">
     <span class='ocr_line' id='line_1_5' title="bbox 366 219 1681 259; baseline -0.003 0"><span class='ocrx_word' id='word_1_5' title='bbox 366 219 446 259; x_wconf 80' lang='lat'>134</span> <span class='ocrx_word' id='word_1_6' title='bbox 707 228 984 257; x_wconf 80' lang='lat' dir='ltr'>SCRIPTORES</span> <span class='ocrx_word' id='word_1_7' title='bbox 1017 227 1243 256; x_wconf 85' lang='lat' dir='ltr'><strong>HISTORIAE</strong></span> <span class='ocrx_word' id='word_1_8' title='bbox 1276 228 1451 256; x_wconf 86' lang='lat' dir='ltr'><strong>DANICAE</strong></span> <span class='ocrx_word' id='word_1_9' title='bbox 1483 227 1681 256; x_wconf 82' lang='lat' dir='ltr'>MlNORES</span> 
     </span>
    </p>
   </div>
   <div class='ocr_carea' id='block_1_6' title="bbox 1159 340 1215 399">
    <p class='ocr_par' dir='ltr' id='par_1_6' title="bbox 1159 340 1215 399">
     <span class='ocr_line' id='line_1_6' title="bbox 1159 340 1215 399; baseline 0 0"><span class='ocrx_word' id='word_1_10' title='bbox 1159 340 1215 399; x_wconf 93' lang='lat' dir='ltr'>X</span> 
     </span>
    </p>
   </div>
   <div class='ocr_carea' id='block_1_7' title="bbox 362 447 2012 1661">
    <p class='ocr_par' dir='ltr' id='par_1_7' title="bbox 362 447 2012 1661">
     <span class='ocr_line' id='line_1_7' title="bbox 364 447 2010 502; baseline -0.001 -12"><span class='ocrx_word' id='word_1_11' title='bbox 364 450 556 490; x_wconf 88' lang='lat' dir='ltr'>mirifica</span> <span class='ocrx_word' id='word_1_12' title='bbox 590 448 855 489; x_wconf 79' lang='lat' dir='ltr'>strenuitate</span> <span class='ocrx_word' id='word_1_13' title='bbox 888 448 1221 501; x_wconf 80' lang='lat' dir='ltr'>propulsabant</span> <span class='ocrx_word' id='word_1_14' title='bbox 1253 447 1405 501; x_wconf 90' lang='lat' dir='ltr'>pontis</span> <span class='ocrx_word' id='word_1_15' title='bbox 1437 448 1681 489; x_wconf 84' lang='lat' dir='ltr'>transitum</span> <span class='ocrx_word' id='word_1_16' title='bbox 1708 449 2010 502; x_wconf 83' lang='lat' dir='ltr'>defensantes,</span> 
     </span>
     <span class='ocr_line' id='line_1_8' title="bbox 364 519 2009 574; baseline -0.001 -11"><span class='ocrx_word' id='word_1_17' title='bbox 364 527 413 563; x_wconf 95' lang='lat' dir='ltr'>ut</span> <span class='ocrx_word' id='word_1_18' title='bbox 443 522 552 562; x_wconf 91' lang='lat' dir='ltr'>hinc</span> <span class='ocrx_word' id='word_1_19' title='bbox 582 521 688 561; x_wconf 91' lang='lat' dir='ltr'>inde</span> <span class='ocrx_word' id='word_1_20' title='bbox 721 519 1027 560; x_wconf 86' lang='lat' dir='ltr'>cadaueribus</span> <span class='ocrx_word' id='word_1_21' title='bbox 1059 524 1403 573; x_wconf 87' lang='lat' dir='ltr'>peremptorum</span> <span class='ocrx_word' id='word_1_22' title='bbox 1433 520 1582 561; x_wconf 88' lang='lat' dir='ltr'>amnis</span> <span class='ocrx_word' id='word_1_23' title='bbox 1614 519 1855 574; x_wconf 71' lang='lat' dir='ltr'>(yuryilem)</span> <span class='ocrx_word' id='word_1_24' title='bbox 1890 521 2009 562; x_wconf 88' lang='lat' dir='ltr'>sicco</span> 
     </span>
     <span class='ocr_line' id='line_1_9' title="bbox 364 592 2011 649; baseline -0.002 -13"><span class='ocrx_word' id='word_1_25' title='bbox 364 596 477 649; x_wconf 92' lang='lat' dir='ltr'>pede</span> <span class='ocrx_word' id='word_1_26' title='bbox 522 592 797 634; x_wconf 89' lang='lat' dir='ltr'>transierint.</span> <span class='ocrx_word' id='word_1_27' title='bbox 879 592 972 633; x_wconf 89' lang='lat' dir='ltr'>Nec</span> <span class='ocrx_word' id='word_1_28' title='bbox 1019 592 1146 646; x_wconf 86' lang='lat' dir='ltr'>prius</span> <span class='ocrx_word' id='word_1_29' title='bbox 1193 606 1218 633; x_wconf 96' lang='lat' dir='ltr'>a</span> <span class='ocrx_word' id='word_1_30' title='bbox 1266 593 1418 646; x_wconf 90' lang='lat' dir='ltr'>pontis</span> <span class='ocrx_word' id='word_1_31' title='bbox 1464 592 1676 646; x_wconf 80' lang='lat' dir='ltr'>(tuicione)</span> <span class='ocrx_word' id='word_1_32' title='bbox 1722 592 2011 645; x_wconf 84' lang='lat' dir='ltr'>desistebant,</span> 
     </span>
     <span class='ocr_line' id='line_1_10' title="bbox 363 664 2010 720; baseline -0.001 -12"><span class='ocrx_word' id='word_1_33' title='bbox 363 668 466 708; x_wconf 91' lang='lat' dir='ltr'>licet</span> <span class='ocrx_word' id='word_1_34' title='bbox 496 666 641 720; x_wconf 81' lang='lat' dir='ltr'>plagis</span> <span class='ocrx_word' id='word_1_35' title='bbox 672 678 812 720; x_wconf 86' lang='lat' dir='ltr'>quam</span> <span class='ocrx_word' id='word_1_36' title='bbox 847 664 1057 718; x_wconf 89' lang='lat' dir='ltr'>pluribus</span> <span class='ocrx_word' id='word_1_37' title='bbox 1089 665 1300 718; x_wconf 87' lang='lat' dir='ltr'>lacessiti,</span> <span class='ocrx_word' id='word_1_38' title='bbox 1341 678 1480 719; x_wconf 90' lang='lat' dir='ltr'>quam</span> <span class='ocrx_word' id='word_1_39' title='bbox 1513 678 1591 706; x_wconf 81' lang='lat' dir='ltr'>rex</span> <span class='ocrx_word' id='word_1_40' title='bbox 1622 665 1836 718; x_wconf 81' lang='lat' dir='ltr'>fugiendo</span> <span class='ocrx_word' id='word_1_41' title='bbox 1868 678 2010 706; x_wconf 90' lang='lat' dir='ltr'>naues</span> 
     </span>
     <span class='ocr_line' id='line_1_11' title="bbox 364 736 2011 791; baseline -0.001 -11"><span class='ocrx_word' id='word_1_42' title='bbox 364 737 725 788; x_wconf 75' lang='lat' dir='ltr'>conscendisset,</span> <span class='ocrx_word' id='word_1_43' title='bbox 773 750 909 791; x_wconf 87' lang='lat' dir='ltr'>quem</span> <span class='ocrx_word' id='word_1_44' title='bbox 949 736 1100 778; x_wconf 91' lang='lat' dir='ltr'>subito</span> <span class='ocrx_word' id='word_1_45' title='bbox 1147 737 1341 778; x_wconf 89' lang='lat' dir='ltr'>insecuti</span> <span class='ocrx_word' id='word_1_46' title='bbox 1388 737 1435 778; x_wconf 92' lang='lat' dir='ltr'>in</span> <span class='ocrx_word' id='word_1_47' title='bbox 1483 737 1694 779; x_wconf 90' lang='lat' dir='ltr'>Scaniam</span> <span class='ocrx_word' id='word_1_48' title='bbox 1742 737 2011 790; x_wconf 86' lang='lat' dir='ltr'>fugitantem</span> 
     </span>
     <span class='ocr_line' id='line_1_12' title="bbox 363 810 2010 862; baseline -0.001 -10"><span class='ocrx_word' id='word_1_49' title='bbox 363 811 714 852; x_wconf 78' lang='lat' dir='ltr'>comitabantur.</span> <span class='ocrx_word' id='word_1_50' title='bbox 777 810 834 851; x_wconf 94' lang='lat' dir='ltr'>Vt</span> <span class='ocrx_word' id='word_1_51' title='bbox 879 813 1030 850; x_wconf 90' lang='lat' dir='ltr'>autem</span> <span class='ocrx_word' id='word_1_52' title='bbox 1080 810 1298 851; x_wconf 87' lang='lat' dir='ltr'>Nicolaus</span> <span class='ocrx_word' id='word_1_53' title='bbox 1344 823 1423 851; x_wconf 84' lang='lat' dir='ltr'>rex</span> <span class='ocrx_word' id='word_1_54' title='bbox 1468 810 1578 851; x_wconf 91' lang='lat' dir='ltr'>bino</span> <span class='ocrx_word' id='word_1_55' title='bbox 1623 810 1718 851; x_wconf 91' lang='lat' dir='ltr'>iam</span> <span class='ocrx_word' id='word_1_56' title='bbox 1765 821 2010 862; x_wconf 86' lang='lat' dir='ltr'>congressu</span> 
     </span>
     <span class='ocr_line' id='line_1_13' title="bbox 362 882 2012 936; baseline -0.001 -12"><span class='ocrx_word' id='word_1_57' title='bbox 362 884 707 936; x_wconf 75' lang='lat' dir='ltr'>triumphasset,</span> <span class='ocrx_word' id='word_1_58' title='bbox 739 886 953 936; x_wconf 89' lang='lat' dir='ltr'>nepotem</span> <span class='ocrx_word' id='word_1_59' title='bbox 985 895 1169 935; x_wconf 82' lang='lat' dir='ltr'>prorsus</span> <span class='ocrx_word' id='word_1_60' title='bbox 1199 886 1241 923; x_wconf 86' lang='lat' dir='ltr'>et</span> <span class='ocrx_word' id='word_1_61' title='bbox 1265 883 1443 924; x_wconf 87' lang='lat' dir='ltr'>hostem</span> <span class='ocrx_word' id='word_1_62' title='bbox 1472 896 1497 923; x_wconf 93' lang='lat' dir='ltr'>a</span> <span class='ocrx_word' id='word_1_63' title='bbox 1525 894 1662 936; x_wconf 82' lang='lat' dir='ltr'>regno</span> <span class='ocrx_word' id='word_1_64' title='bbox 1689 882 1847 923; x_wconf 89' lang='lat' dir='ltr'>nititur</span> <span class='ocrx_word' id='word_1_65' title='bbox 1873 885 2012 923; x_wconf 82' lang='lat' dir='ltr'>exter-</span> 
     </span>
     <span class='ocr_line' id='line_1_14' title="bbox 363 954 2011 1008; baseline -0.001 -12"><span class='ocrx_word' id='word_1_66' title='bbox 363 956 559 1006; x_wconf 82' lang='lat' dir='ltr'>minare3</span> <span class='ocrx_word' id='word_1_67' title='bbox 618 969 754 1008; x_wconf 90' lang='lat' dir='ltr'>quem</span> <span class='ocrx_word' id='word_1_68' title='bbox 803 955 948 995; x_wconf 91' lang='lat' dir='ltr'>classe</span> <span class='ocrx_word' id='word_1_69' title='bbox 995 959 1264 1007; x_wconf 83' lang='lat' dir='ltr'>congregata</span> <span class='ocrx_word' id='word_1_70' title='bbox 1311 956 1368 996; x_wconf 91' lang='lat' dir='ltr'>ad</span> <span class='ocrx_word' id='word_1_71' title='bbox 1417 955 1663 997; x_wconf 90' lang='lat' dir='ltr'>Schaniam</span> <span class='ocrx_word' id='word_1_72' title='bbox 1710 954 2011 1008; x_wconf 84' lang='lat' dir='ltr'>persequitur,</span> 
     </span>
     <span class='ocr_line' id='line_1_15' title="bbox 365 1027 2010 1082; baseline -0.001 -14"><span class='ocrx_word' id='word_1_73' title='bbox 365 1028 808 1081; x_wconf 88' lang='lat' dir='ltr'>Lundoniarumque</span> <span class='ocrx_word' id='word_1_74' title='bbox 854 1027 900 1067; x_wconf 93' lang='lat' dir='ltr'>in</span> <span class='ocrx_word' id='word_1_75' title='bbox 947 1027 1048 1067; x_wconf 92' lang='lat' dir='ltr'>loco</span> <span class='ocrx_word' id='word_1_76' title='bbox 1096 1028 1301 1068; x_wconf 92' lang='lat' dir='ltr'>uelocius</span> <span class='ocrx_word' id='word_1_77' title='bbox 1347 1027 1615 1082; x_wconf 91' lang='lat' dir='ltr'>applicauit,</span> <span class='ocrx_word' id='word_1_78' title='bbox 1662 1040 1800 1082; x_wconf 91' lang='lat' dir='ltr'>quem</span> <span class='ocrx_word' id='word_1_79' title='bbox 1843 1027 2010 1068; x_wconf 91' lang='lat' dir='ltr'>Fotuik</span> 
     </span>
     <span class='ocr_line' id='line_1_16' title="bbox 364 1100 2011 1154; baseline -0.001 -13"><span class='ocrx_word' id='word_1_80' title='bbox 364 1101 529 1153; x_wconf 86' lang='lat' dir='ltr'>uulgus</span> <span class='ocrx_word' id='word_1_81' title='bbox 563 1100 804 1141; x_wconf 86' lang='lat' dir='ltr'>consueuit</span> <span class='ocrx_word' id='word_1_82' title='bbox 834 1112 1116 1153; x_wconf 90' lang='lat' dir='ltr'>nuncupare.</span> <span class='ocrx_word' id='word_1_83' title='bbox 1192 1100 1275 1142; x_wconf 91' lang='lat' dir='ltr'>Cui</span> <span class='ocrx_word' id='word_1_84' title='bbox 1308 1101 1437 1154; x_wconf 89' lang='lat' dir='ltr'>plebs</span> <span class='ocrx_word' id='word_1_85' title='bbox 1470 1100 1784 1152; x_wconf 88' lang='lat' dir='ltr'>Scanensium,</span> <span class='ocrx_word' id='word_1_86' title='bbox 1832 1112 2011 1153; x_wconf 86' lang='lat' dir='ltr'>semper</span> 
     </span>
     <span class='ocr_line' id='line_1_17' title="bbox 364 1171 2009 1226; baseline -0.001 -13"><span class='ocrx_word' id='word_1_87' title='bbox 364 1173 541 1226; x_wconf 91' lang='lat' dir='ltr'>pollens</span> <span class='ocrx_word' id='word_1_88' title='bbox 574 1172 812 1225; x_wconf 84' lang='lat' dir='ltr'>probitate,</span> <span class='ocrx_word' id='word_1_89' title='bbox 845 1171 1062 1212; x_wconf 88' lang='lat' dir='ltr'>uniuersa</span> <span class='ocrx_word' id='word_1_90' title='bbox 1086 1176 1202 1213; x_wconf 89' lang='lat' dir='ltr'>terre</span> <span class='ocrx_word' id='word_1_91' title='bbox 1228 1173 1520 1213; x_wconf 91' lang='lat' dir='ltr'>multitudine</span> <span class='ocrx_word' id='word_1_92' title='bbox 1546 1176 1795 1225; x_wconf 84' lang='lat' dir='ltr'>corrogata,</span> <span class='ocrx_word' id='word_1_93' title='bbox 1827 1176 2009 1213; x_wconf 88' lang='lat' dir='ltr'>caterua</span> 
     </span>
     <span class='ocr_line' id='line_1_18' title="bbox 365 1245 2009 1298; baseline -0.001 -12"><span class='ocrx_word' id='word_1_94' title='bbox 365 1247 574 1286; x_wconf 82' lang='lat' dir='ltr'>decenter</span> <span class='ocrx_word' id='word_1_95' title='bbox 606 1248 766 1285; x_wconf 88' lang='lat' dir='ltr'>ornata</span> <span class='ocrx_word' id='word_1_96' title='bbox 798 1256 1036 1285; x_wconf 88' lang='lat' dir='ltr'>occurrere</span> <span class='ocrx_word' id='word_1_97' title='bbox 1069 1258 1162 1285; x_wconf 92' lang='lat' dir='ltr'>non</span> <span class='ocrx_word' id='word_1_98' title='bbox 1194 1245 1482 1296; x_wconf 83' lang='lat' dir='ltr'>detrectauit3</span> <span class='ocrx_word' id='word_1_99' title='bbox 1527 1245 1731 1298; x_wconf 90' lang='lat' dir='ltr'>initoque</span> <span class='ocrx_word' id='word_1_100' title='bbox 1763 1255 2009 1297; x_wconf 81' lang='lat' dir='ltr'>congressu</span> 
     </span>
     <span class='ocr_line' id='line_1_19' title="bbox 367 1317 2009 1371; baseline 0 -14"><span class='ocrx_word' id='word_1_101' title='bbox 367 1319 598 1370; x_wconf 83' lang='lat' dir='ltr'>Magnum,</span> <span class='ocrx_word' id='word_1_102' title='bbox 631 1317 745 1368; x_wconf 72' lang='lat' dir='ltr'>regis</span> <span class='ocrx_word' id='word_1_103' title='bbox 774 1317 936 1369; x_wconf 90' lang='lat' dir='ltr'>filium,</span> <span class='ocrx_word' id='word_1_104' title='bbox 970 1317 1130 1370; x_wconf 87' lang='lat' dir='ltr'>prefati</span> <span class='ocrx_word' id='word_1_105' title='bbox 1167 1318 1349 1359; x_wconf 89' lang='lat' dir='ltr'>sceleris</span> <span class='ocrx_word' id='word_1_106' title='bbox 1374 1321 1663 1371; x_wconf 86' lang='lat' dir='ltr'>patratorem,</span> <span class='ocrx_word' id='word_1_107' title='bbox 1697 1329 1803 1357; x_wconf 90' lang='lat' dir='ltr'>cum</span> <span class='ocrx_word' id='word_1_108' title='bbox 1828 1317 2009 1358; x_wconf 91' lang='lat' dir='ltr'>duobus</span> 
     </span>
     <span class='ocr_line' id='line_1_20' title="bbox 364 1389 2010 1444; baseline 0 -14"><span class='ocrx_word' id='word_1_109' title='bbox 364 1390 625 1444; x_wconf 90' lang='lat' dir='ltr'>presulibus</span> <span class='ocrx_word' id='word_1_110' title='bbox 670 1390 728 1430; x_wconf 86' lang='lat' dir='ltr'>ad</span> <span class='ocrx_word' id='word_1_111' title='bbox 775 1390 965 1430; x_wconf 85' lang='lat' dir='ltr'>Tartara</span> <span class='ocrx_word' id='word_1_112' title='bbox 1010 1389 1290 1431; x_wconf 83' lang='lat' dir='ltr'>trucidantes</span> <span class='ocrx_word' id='word_1_113' title='bbox 1336 1389 1700 1431; x_wconf 89' lang='lat' dir='ltr'>transmiserunt.</span> <span class='ocrx_word' id='word_1_114' title='bbox 1793 1389 2010 1430; x_wconf 88' lang='lat' dir='ltr'>Nicolaus</span> 
     </span>
     <span class='ocr_line' id='line_1_21' title="bbox 364 1461 2010 1516; baseline 0 -14"><span class='ocrx_word' id='word_1_115' title='bbox 364 1463 517 1516; x_wconf 88' lang='lat' dir='ltr'>itaque</span> <span class='ocrx_word' id='word_1_116' title='bbox 562 1475 640 1502; x_wconf 81' lang='lat' dir='ltr'>rex</span> <span class='ocrx_word' id='word_1_117' title='bbox 687 1462 856 1514; x_wconf 92' lang='lat' dir='ltr'>uictus,</span> <span class='ocrx_word' id='word_1_118' title='bbox 904 1465 1011 1502; x_wconf 91' lang='lat' dir='ltr'>nato</span> <span class='ocrx_word' id='word_1_119' title='bbox 1058 1462 1225 1515; x_wconf 90' lang='lat' dir='ltr'>pariter</span> <span class='ocrx_word' id='word_1_120' title='bbox 1272 1467 1313 1502; x_wconf 92' lang='lat' dir='ltr'>et</span> <span class='ocrx_word' id='word_1_121' title='bbox 1359 1463 1525 1503; x_wconf 89' lang='lat' dir='ltr'>herede</span> <span class='ocrx_word' id='word_1_122' title='bbox 1573 1462 1782 1515; x_wconf 89' lang='lat' dir='ltr'>orbatus,</span> <span class='ocrx_word' id='word_1_123' title='bbox 1832 1461 2010 1503; x_wconf 91' lang='lat' dir='ltr'>Slesuik</span> 
     </span>
     <span class='ocr_line' id='line_1_22' title="bbox 366 1533 2011 1588; baseline -0.001 -13"><span class='ocrx_word' id='word_1_124' title='bbox 366 1534 550 1587; x_wconf 80' lang='lat' dir='ltr'>nauigio</span> <span class='ocrx_word' id='word_1_125' title='bbox 612 1534 913 1586; x_wconf 82' lang='lat' dir='ltr'>commeauit3</span> <span class='ocrx_word' id='word_1_126' title='bbox 975 1547 1113 1588; x_wconf 90' lang='lat' dir='ltr'>quem</span> <span class='ocrx_word' id='word_1_127' title='bbox 1175 1535 1380 1576; x_wconf 89' lang='lat' dir='ltr'>eiusdem</span> <span class='ocrx_word' id='word_1_128' title='bbox 1442 1534 1640 1576; x_wconf 89' lang='lat' dir='ltr'>ciuitatis</span> <span class='ocrx_word' id='word_1_129' title='bbox 1693 1535 1816 1576; x_wconf 87' lang='lat' dir='ltr'>ciues</span> <span class='ocrx_word' id='word_1_130' title='bbox 1876 1533 2011 1588; x_wconf 82' lang='lat' dir='ltr'>(infra</span> 
     </span>
     <span class='ocr_line' id='line_1_23' title="bbox 367 1607 1542 1661; baseline 0.001 -14"><span class='ocrx_word' id='word_1_131' title='bbox 367 1607 576 1659; x_wconf 83' lang='lat' dir='ltr'>menium)</span> <span class='ocrx_word' id='word_1_132' title='bbox 610 1611 736 1661; x_wconf 87' lang='lat' dir='ltr'>septa</span> <span class='ocrx_word' id='word_1_133' title='bbox 768 1611 1002 1660; x_wconf 89' lang='lat' dir='ltr'>receptum</span> <span class='ocrx_word' id='word_1_134' title='bbox 1036 1607 1207 1661; x_wconf 87' lang='lat' dir='ltr'>perfide</span> <span class='ocrx_word' id='word_1_135' title='bbox 1238 1608 1542 1648; x_wconf 81' lang='lat' dir='ltr'>trucidabant.</span> 
     </span>
    </p>
   </div>
   <div class='ocr_carea' id='block_1_8' title="bbox 1066 1818 1315 1860">
    <p class='ocr_par' dir='ltr' id='par_1_8' title="bbox 1066 1818 1315 1860">
     <span class='ocr_line' id='line_1_24' title="bbox 1066 1818 1315 1860; baseline -0.004 0"><span class='ocrx_word' id='word_1_136' title='bbox 1066 1818 1190 1860; x_wconf 91' lang='lat' dir='ltr'>CAP.</span> <span class='ocrx_word' id='word_1_137' title='bbox 1223 1819 1315 1860; x_wconf 90' lang='lat' dir='ltr'>XV.</span> 
     </span>
    </p>
   </div>
   <div class='ocr_carea' id='block_1_9' title="bbox 366 1890 2016 2775">
    <p class='ocr_par' dir='ltr' id='par_1_9' title="bbox 366 1890 2016 2775">
     <span class='ocr_line' id='line_1_25' title="bbox 462 1890 2012 1979; baseline -0.001 -11"><span class='ocrx_word' id='word_1_138' title='bbox 462 1890 570 1968; x_wconf 64' lang='lat' dir='ltr'>Est</span> <span class='ocrx_word' id='word_1_139' title='bbox 592 1937 723 1978; x_wconf 86' lang='lat' dir='ltr'>quem</span> <span class='ocrx_word' id='word_1_140' title='bbox 750 1925 952 1978; x_wconf 89' lang='lat' dir='ltr'>prefatus</span> <span class='ocrx_word' id='word_1_141' title='bbox 971 1925 1211 1979; x_wconf 87' lang='lat' dir='ltr'>Henricus,</span> <span class='ocrx_word' id='word_1_142' title='bbox 1245 1925 1341 1978; x_wconf 85' lang='lat' dir='ltr'>lugi</span> <span class='ocrx_word' id='word_1_143' title='bbox 1366 1930 1754 1968; x_wconf 88' lang='lat' dir='ltr'>commemoratus</span> <span class='ocrx_word' id='word_1_144' title='bbox 1777 1926 2012 1977; x_wconf 85' lang='lat' dir='ltr'>Memoria,</span> 
     </span>
     <span class='ocr_line' id='line_1_26' title="bbox 366 1997 2013 2053; baseline 0.001 -15"><span class='ocrx_word' id='word_1_145' title='bbox 366 1997 584 2052; x_wconf 71' lang='lat' dir='ltr'>(qloriosu)</span> <span class='ocrx_word' id='word_1_146' title='bbox 610 1997 782 2050; x_wconf 89' lang='lat' dir='ltr'>potitus</span> <span class='ocrx_word' id='word_1_147' title='bbox 807 1997 999 2038; x_wconf 84' lang='lat' dir='ltr'>uictoria</span> <span class='ocrx_word' id='word_1_148' title='bbox 1023 1998 1070 2038; x_wconf 91' lang='lat' dir='ltr'>in</span> <span class='ocrx_word' id='word_1_149' title='bbox 1096 2011 1207 2051; x_wconf 86' lang='lat' dir='ltr'>pace</span> <span class='ocrx_word' id='word_1_150' title='bbox 1233 2009 1423 2051; x_wconf 87' lang='lat' dir='ltr'>regnum</span> <span class='ocrx_word' id='word_1_151' title='bbox 1452 1999 1661 2050; x_wconf 87' lang='lat' dir='ltr'>obtinuit,</span> <span class='ocrx_word' id='word_1_152' title='bbox 1694 2000 2013 2053; x_wconf 88' lang='lat' dir='ltr'>prefatumque</span> 
     </span>
     <span class='ocr_line' id='line_1_27' title="bbox 369 2070 2012 2127; baseline 0 -16"><span class='ocrx_word' id='word_1_153' title='bbox 369 2070 702 2112; x_wconf 89' lang='lat' dir='ltr'>Christiernum</span> <span class='ocrx_word' id='word_1_154' title='bbox 749 2083 774 2110; x_wconf 94' lang='lat' dir='ltr'>a</span> <span class='ocrx_word' id='word_1_155' title='bbox 821 2070 1020 2111; x_wconf 85' lang='lat' dir='ltr'>uinculis</span> <span class='ocrx_word' id='word_1_156' title='bbox 1063 2070 1384 2124; x_wconf 87' lang='lat' dir='ltr'>emancipauit.</span> <span class='ocrx_word' id='word_1_157' title='bbox 1448 2072 1630 2112; x_wconf 78' lang='lat' dir='ltr'>Erectus</span> <span class='ocrx_word' id='word_1_158' title='bbox 1676 2072 1827 2127; x_wconf 89' lang='lat' dir='ltr'>itaque</span> <span class='ocrx_word' id='word_1_159' title='bbox 1873 2082 2012 2123; x_wconf 83' lang='lat' dir='ltr'>regno</span> 
     </span>
     <span class='ocr_line' id='line_1_28' title="bbox 368 2143 2014 2196; baseline 0.001 -14"><span class='ocrx_word' id='word_1_160' title='bbox 368 2143 525 2196; x_wconf 90' lang='lat' dir='ltr'>potito,</span> <span class='ocrx_word' id='word_1_161' title='bbox 571 2155 707 2183; x_wconf 88' lang='lat' dir='ltr'>cause</span> <span class='ocrx_word' id='word_1_162' title='bbox 753 2156 834 2183; x_wconf 90' lang='lat' dir='ltr'>sue</span> <span class='ocrx_word' id='word_1_163' title='bbox 880 2143 1068 2184; x_wconf 92' lang='lat' dir='ltr'>ultionis</span> <span class='ocrx_word' id='word_1_164' title='bbox 1114 2143 1359 2184; x_wconf 89' lang='lat' dir='ltr'>immemor</span> <span class='ocrx_word' id='word_1_165' title='bbox 1405 2144 1451 2184; x_wconf 92' lang='lat' dir='ltr'>in</span> <span class='ocrx_word' id='word_1_166' title='bbox 1498 2157 1606 2185; x_wconf 91' lang='lat' dir='ltr'>suos</span> <span class='ocrx_word' id='word_1_167' title='bbox 1647 2143 2014 2196; x_wconf 87' lang='lat' dir='ltr'>consanguineos</span> 
     </span>
     <span class='ocr_line' id='line_1_29' title="bbox 367 2214 2013 2269; baseline 0.002 -15"><span class='ocrx_word' id='word_1_168' title='bbox 367 2215 526 2267; x_wconf 83' lang='lat' dir='ltr'>tigride</span> <span class='ocrx_word' id='word_1_169' title='bbox 559 2214 787 2255; x_wconf 81' lang='lat' dir='ltr'>crudelior</span> <span class='ocrx_word' id='word_1_170' title='bbox 818 2215 936 2269; x_wconf 89' lang='lat' dir='ltr'>cepit</span> <span class='ocrx_word' id='word_1_171' title='bbox 968 2216 1127 2256; x_wconf 89' lang='lat' dir='ltr'>seuire.</span> <span class='ocrx_word' id='word_1_172' title='bbox 1191 2215 1374 2269; x_wconf 86' lang='lat' dir='ltr'>Quippe</span> <span class='ocrx_word' id='word_1_173' title='bbox 1412 2216 1459 2256; x_wconf 92' lang='lat' dir='ltr'>in</span> <span class='ocrx_word' id='word_1_174' title='bbox 1500 2216 1676 2257; x_wconf 87' lang='lat' dir='ltr'>uiscera</span> <span class='ocrx_word' id='word_1_175' title='bbox 1718 2230 1800 2257; x_wconf 92' lang='lat' dir='ltr'>sua</span> <span class='ocrx_word' id='word_1_176' title='bbox 1833 2216 2013 2257; x_wconf 88' lang='lat' dir='ltr'>seuiens</span> 
     </span>
     <span class='ocr_line' id='line_1_30' title="bbox 368 2286 2016 2341; baseline 0.001 -14"><span class='ocrx_word' id='word_1_177' title='bbox 368 2299 637 2339; x_wconf 82' lang='lat' dir='ltr'>germanum</span> <span class='ocrx_word' id='word_1_178' title='bbox 691 2300 826 2327; x_wconf 90' lang='lat' dir='ltr'>suum</span> <span class='ocrx_word' id='word_1_179' title='bbox 876 2288 1129 2329; x_wconf 91' lang='lat' dir='ltr'>Haraldum</span> <span class='ocrx_word' id='word_1_180' title='bbox 1179 2288 1345 2341; x_wconf 86' lang='lat' dir='ltr'>Kesiae,</span> <span class='ocrx_word' id='word_1_181' title='bbox 1391 2289 1437 2329; x_wconf 93' lang='lat' dir='ltr'>in</span> <span class='ocrx_word' id='word_1_182' title='bbox 1492 2289 1617 2329; x_wconf 88' lang='lat' dir='ltr'>curia</span> <span class='ocrx_word' id='word_1_183' title='bbox 1672 2302 1754 2330; x_wconf 88' lang='lat' dir='ltr'>sua</span> <span class='ocrx_word' id='word_1_184' title='bbox 1801 2286 2016 2329; x_wconf 86' lang='lat' dir='ltr'>Scibiensi</span> 
     </span>
     <span class='ocr_line' id='line_1_31' title="bbox 369 2360 2015 2415; baseline 0.001 -16"><span class='ocrx_word' id='word_1_185' title='bbox 369 2363 726 2412; x_wconf 88' lang='lat' dir='ltr'>pernoctantem,</span> <span class='ocrx_word' id='word_1_186' title='bbox 765 2360 1034 2413; x_wconf 89' lang='lat' dir='ltr'>intempeste</span> <span class='ocrx_word' id='word_1_187' title='bbox 1073 2361 1219 2401; x_wconf 91' lang='lat' dir='ltr'>noctis</span> <span class='ocrx_word' id='word_1_188' title='bbox 1267 2361 1445 2402; x_wconf 92' lang='lat' dir='ltr'>silentio</span> <span class='ocrx_word' id='word_1_189' title='bbox 1491 2362 1548 2402; x_wconf 90' lang='lat' dir='ltr'>ad</span> <span class='ocrx_word' id='word_1_190' title='bbox 1589 2361 1869 2415; x_wconf 85' lang='lat' dir='ltr'>colloquium</span> <span class='ocrx_word' id='word_1_191' title='bbox 1910 2360 2015 2401; x_wconf 87' lang='lat' dir='ltr'>fecit</span> 
     </span>
     <span class='ocr_line' id='line_1_32' title="bbox 369 2431 2013 2485; baseline 0.001 -14"><span class='ocrx_word' id='word_1_192' title='bbox 369 2431 563 2472; x_wconf 87' lang='lat' dir='ltr'>euocari.</span> <span class='ocrx_word' id='word_1_193' title='bbox 627 2432 715 2482; x_wconf 83' lang='lat' dir='ltr'>Qui</span> <span class='ocrx_word' id='word_1_194' title='bbox 758 2436 901 2473; x_wconf 88' lang='lat' dir='ltr'>stratu</span> <span class='ocrx_word' id='word_1_195' title='bbox 945 2433 1203 2485; x_wconf 81' lang='lat' dir='ltr'>suscitatus,</span> <span class='ocrx_word' id='word_1_196' title='bbox 1249 2433 1451 2484; x_wconf 86' lang='lat' dir='ltr'>inermis,</span> <span class='ocrx_word' id='word_1_197' title='bbox 1499 2433 1613 2474; x_wconf 88' lang='lat' dir='ltr'>nihil</span> <span class='ocrx_word' id='word_1_198' title='bbox 1658 2432 1825 2474; x_wconf 84' lang='lat' dir='ltr'>sinistri</span> <span class='ocrx_word' id='word_1_199' title='bbox 1870 2432 2013 2485; x_wconf 91' lang='lat' dir='ltr'>suspi-</span> 
     </span>
     <span class='ocr_line' id='line_1_33' title="bbox 370 2504 2012 2559; baseline 0.001 -16"><span class='ocrx_word' id='word_1_200' title='bbox 370 2507 512 2554; x_wconf 89' lang='lat' dir='ltr'>catus,</span> <span class='ocrx_word' id='word_1_201' title='bbox 559 2504 615 2543; x_wconf 91' lang='lat' dir='ltr'>ad</span> <span class='ocrx_word' id='word_1_202' title='bbox 653 2515 805 2556; x_wconf 83' lang='lat' dir='ltr'>regem</span> <span class='ocrx_word' id='word_1_203' title='bbox 845 2509 888 2544; x_wconf 91' lang='lat' dir='ltr'>et</span> <span class='ocrx_word' id='word_1_204' title='bbox 925 2504 1108 2546; x_wconf 85' lang='lat' dir='ltr'>fratrem</span> <span class='ocrx_word' id='word_1_205' title='bbox 1149 2506 1354 2546; x_wconf 78' lang='lat' dir='ltr'>concitus</span> <span class='ocrx_word' id='word_1_206' title='bbox 1390 2506 1675 2559; x_wconf 87' lang='lat' dir='ltr'>properauit;</span> <span class='ocrx_word' id='word_1_207' title='bbox 1722 2518 1859 2559; x_wconf 87' lang='lat' dir='ltr'>quem</span> <span class='ocrx_word' id='word_1_208' title='bbox 1890 2504 2012 2545; x_wconf 88' lang='lat' dir='ltr'>illico</span> 
     </span>
     <span class='ocr_line' id='line_1_34' title="bbox 370 2575 2013 2631; baseline 0.001 -16"><span class='ocrx_word' id='word_1_209' title='bbox 370 2575 662 2616; x_wconf 87' lang='lat' dir='ltr'>catholiciani</span> <span class='ocrx_word' id='word_1_210' title='bbox 695 2576 991 2629; x_wconf 89' lang='lat' dir='ltr'>corripientes</span> <span class='ocrx_word' id='word_1_211' title='bbox 1023 2582 1160 2631; x_wconf 86' lang='lat' dir='ltr'>caput</span> <span class='ocrx_word' id='word_1_212' title='bbox 1191 2577 1287 2618; x_wconf 91' lang='lat' dir='ltr'>eius</span> <span class='ocrx_word' id='word_1_213' title='bbox 1319 2578 1633 2631; x_wconf 89' lang='lat' dir='ltr'>amputabant.</span> <span class='ocrx_word' id='word_1_214' title='bbox 1693 2577 1873 2618; x_wconf 91' lang='lat' dir='ltr'>Modico</span> <span class='ocrx_word' id='word_1_215' title='bbox 1904 2580 2013 2618; x_wconf 89' lang='lat' dir='ltr'>tem-</span> 
     </span>
     <span class='ocr_line' id='line_1_35' title="bbox 372 2648 2011 2703; baseline 0.001 -16"><span class='ocrx_word' id='word_1_216' title='bbox 372 2648 494 2701; x_wconf 90' lang='lat' dir='ltr'>poris</span> <span class='ocrx_word' id='word_1_217' title='bbox 550 2648 791 2689; x_wconf 88' lang='lat' dir='ltr'>interuallo</span> <span class='ocrx_word' id='word_1_218' title='bbox 847 2653 1058 2702; x_wconf 89' lang='lat' dir='ltr'>nepotem</span> <span class='ocrx_word' id='word_1_219' title='bbox 1115 2663 1272 2702; x_wconf 90' lang='lat' dir='ltr'>suum,</span> <span class='ocrx_word' id='word_1_220' title='bbox 1333 2651 1557 2703; x_wconf 89' lang='lat' dir='ltr'>prefatum</span> <span class='ocrx_word' id='word_1_221' title='bbox 1610 2649 1771 2700; x_wconf 89' lang='lat' dir='ltr'>Biorn,</span> <span class='ocrx_word' id='word_1_222' title='bbox 1831 2649 2011 2690; x_wconf 89' lang='lat' dir='ltr'>sinistra</span> 
     </span>
     <span class='ocr_line' id='line_1_36' title="bbox 371 2706 2012 2775; baseline 0.001 -16"><span class='ocrx_word' id='word_1_223' title='bbox 371 2719 797 2772; x_wconf 86' lang='lat' dir='ltr'>recumpensatione</span> <span class='ocrx_word' id='word_1_224' title='bbox 848 2721 1044 2761; x_wconf 86' lang='lat' dir='ltr'>reddens</span> <span class='ocrx_word' id='word_1_225' title='bbox 1091 2721 1309 2762; x_wconf 91' lang='lat' dir='ltr'>talionem</span> <span class='ocrx_word' id='word_1_226' title='bbox 1357 2721 1608 2774; x_wconf 89' lang='lat' dir='ltr'>captiuauit</span> <span class='ocrx_word' id='word_1_227' title='bbox 1654 2706 1734 2775; x_wconf 83' lang='lat' dir='ltr'>&lt;el&gt;</span> <span class='ocrx_word' id='word_1_228' title='bbox 1781 2734 2012 2762; x_wconf 85' lang='lat' dir='ltr'>annexum</span> 
     </span>
    </p>
   </div>
   <div class='ocr_carea' id='block_1_10' title="bbox 416 2796 1991 2809">
    <p class='ocr_par' dir='ltr' id='par_1_10' title="bbox 416 2796 1991 2809">
     <span class='ocr_line' id='line_1_37' title="bbox 416 2796 1991 2809; baseline 0 0"><span class='ocrx_word' id='word_1_229' title='bbox 416 2796 1991 2809; x_wconf 95' lang='lat' dir='ltr'> </span> 
     </span>
    </p>
   </div>
   <div class='ocr_carea' id='block_1_11' title="bbox 371 2851 2014 3015">
    <p class='ocr_par' dir='ltr' id='par_1_11' title="bbox 371 2851 2014 3015">
     <span class='ocr_line' id='line_1_38' title="bbox 458 2851 2014 2902; baseline 0.002 -16"><span class='ocrx_word' id='word_1_230' title='bbox 458 2851 492 2886; x_wconf 90' lang='lat'>3.</span> <span class='ocrx_word' id='word_1_231' title='bbox 528 2851 756 2888; x_wconf 75' lang='lat' dir='ltr'>(testebant.</span> <span class='ocrx_word' id='word_1_232' title='bbox 822 2853 855 2888; x_wconf 89' lang='lat'>7.</span> <span class='ocrx_word' id='word_1_233' title='bbox 889 2853 1043 2899; x_wconf 85' lang='lat' dir='ltr'>prioris</span> <span class='ocrx_word' id='word_1_234' title='bbox 1074 2851 1169 2902; x_wconf 82' lang='lat' dir='ltr'>(pro</span> <span class='ocrx_word' id='word_1_235' title='bbox 1201 2851 1361 2902; x_wconf 80' lang='lat' dir='ltr'>prors9).</span> <span class='ocrx_word' id='word_1_236' title='bbox 1425 2854 1486 2890; x_wconf 86' lang='lat'>11.</span> <span class='ocrx_word' id='word_1_237' title='bbox 1519 2853 1728 2900; x_wconf 84' lang='lat' dir='ltr'>probitate</span> <span class='ocrx_word' id='word_1_238' title='bbox 1758 2852 1797 2889; x_wconf 87' lang='grc'>11.</span> <span class='ocrx_word' id='word_1_239' title='bbox 1826 2853 1847 2889; x_wconf 92' lang='lat' dir='ltr'>l.</span> <span class='ocrx_word' id='word_1_240' title='bbox 1867 2867 1911 2885; x_wconf 73' lang='lat' dir='ltr'><strong><em>z</em></strong></span> <span class='ocrx_word' id='word_1_241' title='bbox 1934 2853 2014 2889; x_wconf 85' lang='lat' dir='ltr'>vir-</span> 
     </span>
     <span class='ocr_line' id='line_1_39' title="bbox 371 2908 2014 2957; baseline 0.002 -14"><span class='ocrx_word' id='word_1_242' title='bbox 371 2911 468 2953; x_wconf 80' lang='lat' dir='ltr'>tute,</span> <span class='ocrx_word' id='word_1_243' title='bbox 500 2908 755 2944; x_wconf 84' lang='lat' dir='ltr'>fortitudine.</span> <span class='ocrx_word' id='word_1_244' title='bbox 835 2910 893 2946; x_wconf 87' lang='grc'>18.</span> <span class='ocrx_word' id='word_1_245' title='bbox 927 2910 1165 2957; x_wconf 82' lang='lat' dir='ltr'>Postquam.</span> <span class='ocrx_word' id='word_1_246' title='bbox 1235 2911 1297 2947; x_wconf 90' lang='lat'>20.</span> <span class='ocrx_word' id='word_1_247' title='bbox 1332 2911 1550 2947; x_wconf 88' lang='lat' dir='ltr'>Henricus.</span> <span class='ocrx_word' id='word_1_248' title='bbox 1620 2912 1684 2947; x_wconf 88' lang='lat'>22.</span> <span class='ocrx_word' id='word_1_249' title='bbox 1716 2910 1863 2957; x_wconf 87' lang='lat' dir='ltr'>tigride</span> <span class='ocrx_word' id='word_1_250' title='bbox 1895 2910 2014 2957; x_wconf 85' lang='lat' dir='ltr'>peior</span> 
     </span>
     <span class='ocr_line' id='line_1_40' title="bbox 371 2965 2012 3015; baseline 0.002 -15"><span class='ocrx_word' id='word_1_251' title='bbox 371 2965 550 3001; x_wconf 83' lang='lat' dir='ltr'>quenal.</span> <span class='ocrx_word' id='word_1_252' title='bbox 585 2965 618 3010; x_wconf 88' lang='lat'>6,</span> <span class='ocrx_word' id='word_1_253' title='bbox 639 2965 727 3002; x_wconf 81' lang='lat'>270.</span> <span class='ocrx_word' id='word_1_254' title='bbox 819 2966 985 3004; x_wconf 86' lang='lat'>23-24.</span> <span class='ocrx_word' id='word_1_255' title='bbox 1028 2968 1194 3004; x_wconf 86' lang='lat' dir='ltr'>seuiens</span> <span class='ocrx_word' id='word_1_256' title='bbox 1241 2971 1572 3015; x_wconf 83' lang='lat' dir='ltr'>prouoctantem.</span> <span class='ocrx_word' id='word_1_257' title='bbox 1664 2969 1727 3004; x_wconf 87' lang='lat'>24.</span> <span class='ocrx_word' id='word_1_258' title='bbox 1765 2967 1836 3003; x_wconf 90' lang='lat' dir='ltr'>int.</span> <span class='ocrx_word' id='word_1_259' title='bbox 1879 2967 2012 3003; x_wconf 90' lang='lat' dir='ltr'>noctis</span> 
     </span>
    </p>
   </div>
   <div class='ocr_carea' id='block_1_12' title="bbox 372 3021 2012 3115">
    <p class='ocr_par' dir='ltr' id='par_1_12' title="bbox 372 3021 2012 3115">
     <span class='ocr_line' id='line_1_41' title="bbox 372 3021 2012 3114; baseline 0.002 -57"><span class='ocrx_word' id='word_1_260' title='bbox 372 3021 554 3114; x_wconf 47' lang='lat' dir='ltr'>{igentioz</span> <span class='ocrx_word' id='word_1_261' title='bbox 605 3021 805 3086; x_wconf 32' lang='lat' dir='ltr'>&#39;Martiam</span> <span class='ocrx_word' id='word_1_262' title='bbox 856 3023 1002 3070; x_wconf 80' lang='lat' dir='ltr'>Capell.</span> <span class='ocrx_word' id='word_1_263' title='bbox 1055 3025 1089 3070; x_wconf 88' lang='lat'>1,</span> <span class='ocrx_word' id='word_1_264' title='bbox 1125 3024 1175 3060; x_wconf 84' lang='lat'>37</span> <span class='ocrx_word' id='word_1_265' title='bbox 1221 3026 1274 3071; x_wconf 84' lang='lat' dir='ltr'>(p.</span> <span class='ocrx_word' id='word_1_266' title='bbox 1325 3025 1374 3060; x_wconf 88' lang='lat'>15</span> <span class='ocrx_word' id='word_1_267' title='bbox 1420 3024 1644 3072; x_wconf 65' lang='lat' dir='ltr'>Eyssenh}</span> <span class='ocrx_word' id='word_1_268' title='bbox 1735 3025 1798 3061; x_wconf 92' lang='lat'>25.</span> <span class='ocrx_word' id='word_1_269' title='bbox 1846 3023 2012 3061; x_wconf 86' lang='lat' dir='ltr'>frustra.</span> 
     </span>
     <span class='ocr_line' id='line_1_42' title="bbox 432 3089 678 3115; baseline 0 -1"><span class='ocrx_word' id='word_1_270' title='bbox 432 3108 437 3114; x_wconf 89' lang='lat'>.</span> <span class='ocrx_word' id='word_1_271' title='bbox 472 3089 678 3115; x_wconf 77' lang='lat' dir='ltr'>conscius.</span> 
     </span>
    </p>
   </div>
  </div>
 </body>
</html>
