2150 3584
309 1123 348 1153 10

309 1487 348 1516 15

307 2210 348 2240 25

308 2817 350 2847 30

380 237 458 276 116
718 243 992 274 scmPTOREs
1025 242 1251 272 HISTORIAE
1284 243 1462 272 DANICAE
1494 243 1692 272 MINORES

1172 357 1229 416 X

377 466 630 519 ambigatis,
664 478 768 506 cum
804 464 989 504 nutibus
1022 465 1135 504 meis
1167 475 1359 516 regnum
1391 463 1638 504 famuletur
1666 463 1952 515 uniuersum,
1985 467 2027 505 et

376 539 491 580 nihil
542 537 795 593 questionis
848 537 921 577 uel
975 536 1286 577 controuersie
1337 536 1511 589 absque
1557 539 1712 576 nostra
1757 535 2026 577 terminetur

376 610 711 662 conuenientia,
757 610 818 650 ita
860 613 910 649 ut
948 608 1064 661 regis
1103 609 1270 662 pariter
1302 613 1344 649 et
1375 608 1527 660 regine
1559 621 1633 649 me
1666 607 1819 649 sciatis
1851 609 2026 649 honore

376 685 556 738 pollere.
607 684 774 735 Regem
807 682 929 723 enim
962 682 1048 722 hac
1082 681 1234 722 sciatis
1264 681 1562 733 generositate
1587 681 1763 734 florere,
1794 685 1843 721 ut
1867 692 2025 733 regum

378 757 580 810 undique
613 755 668 795 sit
700 755 856 795 sobole
889 758 1173 807 procreatus3
1206 754 1342 806 unde,
1374 753 1479 794 licet
1506 753 1812 805 magnitudini
1834 753 2026 807 impera-

374 829 484 870 toris
517 827 716 882 potentie
749 826 978 880 parificari
1010 839 1103 866 non
1136 826 1300 877 ualeat,
1342 826 1481 878 regali
1511 830 1666 866 tamen
1697 826 1763 866 illi
1795 825 2023 866 neuticam

376 905 441 943 est
471 900 659 941 inferior
690 899 917 953 prosapia.
967 899 1023 938 Et
1050 902 1100 938 ut
1131 898 1261 939 breui
1293 899 1567 939 concludam
1603 898 1799 953 eloquio,
1831 911 1857 938 a
1887 898 2026 938 tribu.-

375 973 484 1014 tarie
517 972 749 1013 seruitutis
773 972 878 1023 iugo
904 972 1061 1011 Danos
1094 956 1246 1025 <mooe>
1279 971 1596 1024 emancipabo,
1628 971 1804 1011 nullam
1837 984 2026 1024 prorsus

376 1044 671 1086 subiectionis
711 1043 1016 1089 reuerentiam
1056 1044 1190 1084 uobis
1223 1043 1520 1085 exhibitura«
1585 1044 1652 1084 Ad
1684 1044 1806 1084 hanc
1837 1056 2026 1097 prorsus

375 1118 609 1171 inopinate
633 1116 946 1170 responsionis
971 1115 1312 1157 irreuerentiam
1341 1120 1543 1157 atrocem
1567 1116 1817 1168 legatorum
1850 1118 2026 1156 mentes

375 1194 661 1232 consternate
708 1190 1059 1243 obstupuerunt,
1107 1193 1149 1230 et
1194 1190 1251 1230 ad
1295 1189 1577 1243 prefatorum
1616 1200 1860 1242 procerum
1901 1187 2026 1241 papi-

375 1264 519 1304 liones
551 1262 730 1304 confusi
762 1262 1076 1316 properabant.
1124 1262 1192 1302 Ad
1225 1275 1342 1316 quos
1363 1261 1601 1302 turmatim
1626 1273 1867 1315 procerum
1891 1260 2025 1300 turba

376 1336 610 1388 confluxit,
658 1335 899 1386 sciscitata,
946 1334 1168 1388 quidnam
1202 1334 1272 1387 sit,
1320 1336 1443 1390 quod
1484 1347 1622 1375 cursu
1659 1337 1754 1374 tam
1785 1335 2025 1387 properato

375 1409 571 1450 reditum
612 1407 939 1448 accelerabant.
1002 1407 1058 1447 At
1102 1406 1169 1447 illi
1210 1421 1300 1447 non
1340 1407 1540 1448 cunctati
1580 1406 1708 1448 omni
1751 1418 1940 1459 prorsus
1978 1417 2025 1445 se

375 1481 576 1521 referunt
603 1494 681 1534 spe
706 1480 947 1520 frustratos
972 1479 1270 1533 mulierisque
1295 1480 1636 1521 circumuentos
1661 1478 1875 1520 uersutia.
1921 1478 2024 1528 Quo

375 1557 608 1606 comperto
658 1537 938 1606 <imperator>
992 1551 1125 1591 iussit
1176 1551 1298 1592 illico
1352 1552 1595 1605 capitalem
1642 1550 1825 1592 obsides
1872 1549 2025 1590 subire

375 1625 660 1666 sententiam.
724 1626 842 1666 Nam
876 1628 918 1665 et
949 1625 1038 1665 hoc
1068 1624 1378 1665 illustrissima
1410 1625 1487 1665 illa
1519 1623 1687 1676 regina,
1720 1622 1852 1677 quasi
1883 1621 2024 1662 futuri

374 1696 546 1749 predita
594 1696 795 1750 scientia,
842 1696 981 1737 huius
1028 1696 1092 1736 rei
1131 1682 1264 1750 <fore>
1305 1696 1476 1737 exitum
1523 1696 1602 1737 diu
1645 1699 1749 1736 ante
1795 1694 2022 1748 presciuit.

375 1768 524 1809 Satius
567 1769 689 1809 enim
732 1769 933 1810 decreuit
963 1768 1102 1809 totius
1135 1769 1257 1817 regni
1291 1769 1556 1810 seruitutem
1590 1781 1845 1822 paucorum
1879 1771 2024 1808 morte

374 1841 596 1882 redimere
636 1854 776 1895 quam
816 1840 1041 1882 extraneis
1080 1841 1139 1881 ad
1177 1841 1580 1882 interstinctionem
1621 1841 1847 1881 famulari.
1918 1841 2023 1881 Mox

375 1913 731 1954 Teotonicorum
778 1913 988 1965 ambitio,
1050 1913 1097 1953 in
1151 1914 1327 1954 luctum
1384 1927 1517 1954 uerso
1570 1913 1772 1967 tripudio
1818 1913 2023 1962 confusa,

375 1986 534 2027 dolens
567 1986 751 2027 recessit
782 1991 824 2026 et
855 1999 1047 2027 merens.
1109 1987 1167 2028 Vt
1205 1990 1359 2027 autem
1391 1986 1589 2040 precluis
1620 1986 1697 2027 illa
1729 1985 1883 2038 regina
1916 1998 2021 2026 cum

374 2070 474 2110 rege
508 2059 672 2100 marito
705 2059 834 2100 etatis
860 2072 938 2100 sue
964 2059 1239 2112 complesset
1263 2072 1424 2113 annos,
1458 2060 1688 2100 Haraldus
1707 2059 1868 2099 Blatan
1900 2057 2022 2098 filius

375 2135 617 2184 superstes,
664 2132 740 2185 qui
775 2136 816 2172 et
848 2132 970 2184 regni
1005 2131 1149 2172 extitit
1180 2133 1325 2184 heres,
1371 2132 1496 2172 iuxta
1535 2132 1673 2172 ritum
1707 2131 1945 2183 gentilium
1979 2129 2022 2170 in

376 2203 561 2243 tumulis
593 2204 724 2257 quasi
757 2204 960 2256 gemellis
993 2208 1034 2245 et
1066 2204 1254 2257 paribus
1281 2217 1413 2245 secus
1438 2204 1555 2257 regis
1580 2203 1752 2244 curiam
1781 2203 1827 2243 in
1854 2203 2022 2254 Ialang,

375 2276 503 2328 quasi
539 2277 751 2316 masoleis
784 2277 1050 2324 illustribus,
1085 2281 1331 2330 utrumque
1365 2280 1598 2329 parentem
1631 2276 1736 2316 fecit
1766 2275 1963 2316 humari.

1064 2487 1188 2528 CAP.
1222 2488 1342 2529 VIII.

474 2557 592 2633 Hic
632 2592 860 2632 Haraldus
901 2593 1046 2633 multo
1096 2598 1198 2647 post
1235 2598 1441 2647 tempore
1486 2595 1626 2647 regali
1673 2598 1850 2647 sceptro
1896 2593 2021 2646 regni

376 2664 658 2715 gubernabat
703 2663 962 2716 imperium.
1027 2666 1112 2706 Hic
1159 2666 1337 2719 primus
1383 2667 1590 2707 idolatrie
1636 2679 1856 2720 respuens
1895 2680 2022 2719 spur-

377 2735 504 2775 citias
537 2736 702 2776 Christi
744 2749 924 2776 crucem
965 2738 1186 2778 adorauit.
1251 2739 1341 2789 Qui
1383 2740 1494 2779 dum
1535 2738 1746 2779 emisisset
1775 2739 2019 2780 exercitum

376 2807 431 2846 ad
481 2810 652 2859 petram
702 2808 1055 2859 pertrahendam
1102 2808 1504 2862 immanissimam,
1551 2823 1691 2864 quam
1733 2796 1823 2864 (in)
1862 2809 2020 2850 matris

378 2879 553 2917 tinnulo
603 2879 661 2918 ob
702 2879 967 2918 memoriale
1008 2879 1257 2932 insignium
1301 2882 1548 2923 destinauit
1590 2882 1866 2934 erigendam,
1911 2882 2020 2922 inte-

377 2950 490 2989 stina
533 2955 629 2989 orta
673 2951 906 3002 seditione¹7
951 2955 1043 2991 tuin
1087 2957 1271 3005 propter
1310 2967 1428 2994 noue
1468 2954 1699 3006 religionis
1732 2954 1883 2999 ritum,
1921 2958 2017 2994 tum

466 3055 497 3089 1.
531 3055 743 3090 militibus.
838 3057 871 3090 4.
904 3057 1013 3091 enini
1038 3072 1081 3086 z
1103 3061 1254 3095 autem.
1351 3061 1411 3097 10.
1447 3060 1726 3096 reuerentiam
1774 3063 1814 3096 et
1859 3070 2015 3096 vocem.

380 3112 440 3147 12.
478 3112 712 3157 probabant
753 3110 849 3159 (pro
891 3112 1147 3161 propabant).
1226 3117 1288 3153 13.
1325 3117 1561 3164 propapulo
1600 3115 1676 3166 (1111
1710 3127 1946 3164 prepopero
1969 3131 2013 3149 :-

378 3165 612 3215 preplsto‘s).
678 3170 738 3205 18.
775 3170 1032 3215 praescentia.
1100 3171 1161 3207 19.
1197 3174 1306 3209 enim
1330 3188 1374 3204 z
1397 3177 1548 3211 autem.
1618 3175 1681 3210 20.
1713 3174 2017 3210 institutionem
