2150 3584
272 1059 313 1088 10

271 1466 312 1497 15

269 1828 312 1859 20

269 2192 310 2222 25

342 223 394 262 32
682 232 956 261 SCRIPTORES
990 233 1215 262 HISTORIAE
1248 232 1424 261 DANICAE
1457 231 1656 260 MINORES

620 357 654 377 ’Ἳ

427 397 543 437 XIX.
609 361 711 437 bic,
756 409 808 437 eo
865 400 1046 437 mortuo
1101 400 1142 437 et
1188 396 1314 449 Ripis
1368 395 1544 448 sepulto
1601 394 1819 448 primates
1870 397 1986 434 terre

340 473 655 510 conuenerunt
680 472 721 509 et
747 468 964 509 Hericum
991 468 1195 515 tercium,
1227 468 1374 508 filium
1409 467 1578 508 sororis
1610 466 1801 520 predicti
1821 465 1985 514 Herici,

341 542 386 581 in
419 553 568 593 regem
601 544 962 594 assumpserunt.
1010 541 1089 581 Vir
1118 541 1221 593 plus
1253 553 1393 594 quam
1425 539 1564 591 regali
1596 538 1802 591 dignitati
1835 538 1987 578 decuit

341 614 534 667 simplex
574 618 615 654 et
653 614 698 653 in
741 613 958 654 omnibus
997 612 1084 665 uijs
1125 612 1219 652 suis
1260 612 1527 652 inconstans
1561 615 1602 651 et
1633 611 1814 664 duplex,
1861 610 1986 651 adni-

340 686 534 726 chilacio
574 686 699 738 regni
739 690 781 726 et
819 684 1081 737 sacerdocij.
1144 685 1210 724 Eo
1258 688 1461 736 tempore
1507 696 1601 724 non
1648 682 1885 723 mediocris
1930 682 1985 722 lis

339 758 455 798 inter
488 759 742 808 Rukonem,
777 758 1120 799 Sleswicensem
1153 757 1435 810 episcopum,
1469 760 1510 795 et
1536 755 1778 806 Eskillum,
1812 755 1986 795 Roskil-

340 832 526 871 densem
553 830 815 882 antistitem,
846 831 900 870 de
918 829 1154 870 Lundensi
1179 828 1576 881 archiepiscopatu
1601 831 1700 868 orta
1725 831 1802 868 est.
1850 828 1986 878 Quod

339 907 492 943 tamen
525 907 755 944 certamen
787 902 1064 943 uenerabilis
1083 902 1255 953 Petrus,
1288 900 1411 941 filius
1437 900 1643 952 Botildis,
1676 913 1759 940 suo
1793 899 1987 953 sapienti

341 975 531 1016 consilio
564 979 606 1016 et
638 975 807 1016 sollerti
839 974 1120 1015 discrecione
1152 973 1342 1025 sedauit,
1387 977 1427 1013 et
1468 986 1544 1013 eos
1576 974 1666 1013 hoc
1697 973 1836 1013 modo
1869 972 1988 1025 paci-

340 1049 509 1099 ficauit,
555 1048 770 1102 quatinus
810 1047 1012 1087 Eskillus
1051 1045 1498 1098 archiepiscopatum
1540 1045 1774 1099 optineret.
1838 1044 1985 1096 Ruko,

341 1121 557 1175 quamuis
602 1121 771 1161 electus
816 1133 842 1160 a
885 1119 1117 1160 Scaniensi
1165 1119 1284 1159 clero
1333 1122 1375 1159 et
1420 1118 1606 1171 populo,
1652 1121 1806 1157 tamen
1853 1120 1985 1157 utens

340 1194 532 1234 consilio
573 1192 761 1246 predicti
796 1192 913 1233 Petri
955 1196 997 1232 et
1037 1191 1428 1231 disturbacionem
1461 1194 1503 1230 et
1533 1203 1727 1231 werram
1760 1189 1983 1239 deuitans,

343 1266 689 1307 Roskildensem
721 1265 807 1305 sihi
840 1264 1155 1318 episcopatum
1188 1263 1363 1304 clericis
1395 1267 1437 1304 et
1468 1263 1595 1303 laicis
1625 1261 1986 1303 reclamantibus

341 1338 594 1391 usurpauit.

424 1443 530 1523 [XX.
599 1418 721 1496 Rex
746 1459 899 1496 autem
928 1455 1134 1503 Hericus,
1167 1454 1434 1495 firmissima
1467 1467 1578 1508 pace
1610 1454 1727 1495 facta
1759 1454 1806 1494 in
1839 1452 1985 1507 patria

339 1543 435 1580 sua,
483 1529 661 1569 decimo
701 1541 823 1568 anno
862 1528 988 1580 regni
1021 1528 1090 1568 sui
1122 1539 1312 1579 regnum
1345 1527 1607 1579 resignauit,
1653 1526 1983 1567 monasterium

338 1601 449 1654 adijt
502 1605 544 1642 et
598 1601 758 1641 habitu
816 1600 1048 1653 religionis
1101 1603 1282 1653 recepto
1338 1600 1500 1640 mundi
1553 1598 1749 1652 miserijs
1798 1598 1986 1638 feliciter

338 1674 559 1714 ualefecit.
630 1674 803 1713 Deinde
843 1674 965 1713 bono
1005 1673 1094 1713 fine
1136 1672 1312 1726 quieuit
1348 1672 1395 1712 in
1435 1672 1637 1712 domino.
1708 1673 1816 1712 Post
1854 1671 1985 1711 cuius

339 1751 532 1787 mortem
575 1749 890 1786 conuenerunt
934 1746 1138 1785 Iutenses
1184 1749 1226 1784 et
1272 1745 1502 1796 elegerunt
1542 1745 1790 1797 Kanutum,
1837 1743 1983 1784 filium

341 1818 507 1871 Magni,
532 1816 611 1869 filij
631 1818 841 1858 Nicholai
865 1818 994 1870 regis.
1030 1817 1299 1858 Scanienses
1323 1830 1433 1857 uero
1452 1817 1682 1869 elegerunt
1699 1816 1984 1866 Swenonem,

338 1891 485 1931 filium
528 1890 679 1931 Herici
713 1889 895 1943 Emunj,
943 1894 984 1931 et
1023 1889 1360 1930 constituerunt
1405 1902 1508 1929 eum
1557 1903 1694 1943 super
1733 1901 1779 1929 se
1818 1899 1982 1940 regem.

338 1963 466 2003 Vnde
498 1963 615 2003 facta
648 1967 713 2003 est
744 1963 878 2015 longa
911 1962 1194 2003 concertacio
1228 1962 1343 2002 inter
1376 1961 1650 2002 Swenonem
1683 1965 1726 2002 et
1751 1961 1984 2001 Kanutum

338 2036 471 2075 annis
505 2035 614 2075 .XII.
678 2036 956 2076 Succedente
998 2035 1119 2075 enim
1154 2034 1362 2075 Svenone
1403 2034 1450 2074 in
1489 2046 1681 2086 regnum
1720 2046 1809 2087 pax
1840 2032 1984 2086 perijt,

339 2108 558 2148 excitatur
597 2108 779 2160 sedicio,
827 2111 868 2147 et
907 2107 1165 2148 commocio
1211 2106 1424 2147 intestina
1472 2107 1616 2147 eciam
1662 2106 1880 2159 pacificos
1926 2106 1983 2146 ad

338 2180 477 2233 prelia
511 2180 794 2233 prouocauit.
861 2179 1069 2220 Tandem
1109 2179 1287 2220 decimo
1320 2192 1442 2219 anno
1475 2183 1791 2220 conuenerunt
1823 2191 1984 2219 omnes

424 2327 526 2373 Cap.
560 2328 667 2363 XIX.
745 2328 778 2363 3.
812 2331 1103 2363 assumserunt
1134 2328 1162 2364 S
1251 2328 1320 2363 Vir
1359 2328 1394 2363 is
1432 2330 1522 2363 erat
1559 2327 1653 2374 plus
1687 2327 1714 2363 S
1802 2326 1983 2373 regalem

339 2385 579 2430 dignitatem
605 2385 646 2423 S.
710 2386 743 2421 4.
768 2387 861 2431 post
883 2385 1038 2431 duplex
1063 2387 1164 2421 recte
1189 2384 1491 2431 interpunyitur
1518 2385 1559 2421 in
1585 2385 1667 2424 ΚΟ.
1729 2384 1837 2420 4-5.
1871 2383 1984 2419 adni-

339 2442 484 2477 hilatio
532 2441 570 2477 S.
647 2443 681 2477 6.
730 2442 1252 2478 Riikonem..Eschillum
1298 2442 1337 2478 S.
1413 2442 1523 2478 6—7.
1570 2441 1900 2487 Roskyldensem
1947 2441 1983 2477 Ο

336 2498 444 2546 (item
493 2499 564 2543 13).
641 2500 674 2535 9.
713 2499 857 2534 solerti
894 2499 933 2535 S.
1012 2500 1072 2536 10.
1113 2500 1392 2546 quantinus(!)
1435 2499 1632 2546 Eskyllus
1673 2498 1728 2543 0;
1775 2501 1982 2545 quatenus

341 2556 549 2592 Eschillus
582 2556 609 2591 S
697 2556 905 2592 obtineret
936 2556 963 2592 S
1047 2557 1167 2593 Riiko
1201 2557 1239 2593 S.
1324 2557 1387 2593 12.
1420 2567 1584 2593 verram
1617 2556 1673 2602 03
1719 2564 1911 2602 gverram
1944 2555 1983 2591 S.

341 2613 403 2648 13.
438 2613 782 2649 Roschildensem
818 2613 857 2650 S.

425 2685 529 2730 Cap.
563 2685 650 2720 XX.
699 2685 784 2720 Hoc
817 2688 941 2721 totum
973 2688 1094 2732 capul
1124 2686 1196 2722 alii
1227 2686 1382 2722 auctori
1413 2684 1586 2723 debetur.
1634 2684 1812 2730 Initium,
1847 2695 1982 2720 versus

342 2742 492 2777 15—22
522 2743 798 2788 complectens,
844 2743 986 2788 paucis
1018 2744 1184 2779 aliunde
1216 2744 1375 2779 insertis
1407 2744 1614 2788 sumptum
1647 2744 1704 2778 est
1732 2753 1781 2777 ex
1812 2742 1981 2788 antiqua

338 2800 444 2835 Serie
469 2799 623 2845 Regum
655 2799 810 2845 Daniae,
844 2810 932 2845 quoe
958 2801 998 2836 in
1023 2800 1059 2837 S.
1080 2800 1123 2837 R.
1142 2801 1189 2837 D.
1211 2800 1317 2836 Tom.
1339 2801 1370 2846 1,
1394 2800 1443 2835 15
1463 2810 1567 2846 seqq.
1595 2799 1699 2835 edila
1725 2801 1782 2834 est
1807 2799 1899 2842 (vid.
1919 2799 1940 2834 l.
1959 2799 1982 2834 I.

336 2867 373 2902 Ι).
396 2856 461 2901 18)
495 2858 530 2891 et
562 2856 730 2902 inferius
764 2857 802 2892 in
837 2856 913 2892 hoc
944 2856 1046 2893 libro
1074 2857 1231 2901 edetur;
1264 2858 1430 2904 reliqua,
1465 2856 1557 2892 ilem
1582 2856 1793 2892 nonnullis
1819 2856 1982 2891 mutatis

339 2916 374 2948 e!
411 2913 502 2948 aliis
540 2914 777 2959 plerumque
813 2924 942 2959 praue
973 2914 1131 2960 additis,
1180 2925 1229 2951 ex
1262 2914 1404 2960 Officio
1441 2913 1732 2949 Translationis
1764 2912 1800 2948 S.
1835 2912 1985 2948 Canuti

340 2969 474 3015 Ducis,
524 2970 600 3006 vid.
640 2969 705 3005 Vil.
739 2969 869 3006 sanct.
903 2970 1117 3007 Danorum
1154 2982 1194 3017 ρ.
1228 2971 1464 3016 203‚6‘sqq.
1508 2992 1547 2996 —
1592 2971 1651 3005 18.
1688 2972 1779 3015 post
1809 2970 1981 3005 domino

339 3028 378 3062 in
421 3027 448 3062 S
490 3028 581 3062 add.
621 3027 880 3072 Stephanins:
929 3030 1046 3063 Anno
1081 3029 1246 3064 Domini
1282 3028 1533 3064 M.C.XLVII.
1607 3028 1670 3063 21.
1703 3037 1797 3062 eum
1831 3037 1908 3062 om.
1942 3026 1980 3062 S.

340 3085 402 3120 22.
438 3085 669 3128 Swennone
697 3084 738 3119 K.
