2150 3584
326 1015 369 1044 10

322 1378 362 1408 15

315 2106 356 2136 25

398 231 481 270 310
737 241 1011 270 SCRIPTORES
1045 242 1271 271 HlsromAE
1304 243 1480 271 DANicAE
1512 244 1711 272 MINORES

398 355 624 396 occiderat
669 355 716 394 in
763 355 965 408 puericia
1011 369 1108 407 sua,
1155 361 1201 397 vt
1240 370 1378 410 supra
1418 357 1590 398 dictum
1639 362 1716 398 est.
1784 359 1852 398 Ad
1900 372 2041 412 quam

399 427 638 467 Haldanus
670 427 715 467 in
741 427 955 468 absencia
973 428 1181 481 pugilum
1206 430 1458 470 adueniens
1483 429 1663 470 monuit
1680 430 1872 484 nupcias
1899 443 2043 483 agere,

398 513 452 539 ne
494 512 649 539 semen
689 500 864 552 regium
898 500 1075 553 periret,
1123 514 1275 555 seque,
1308 502 1544 542 nobilitate
1576 503 1765 555 clarum,
1807 504 2040 556 ydoneum

397 572 611 612 maritum
647 572 734 612 sibi
766 572 873 613 fore.
938 572 1146 626 Cumque
1180 574 1339 627 Gyrith
1372 574 1539 614 diceret
1579 587 1625 614 se
1664 576 1721 615 ad
1754 576 1843 616 hoc
1874 577 2043 617 adduci

395 657 487 684 non
530 658 676 697 posse,
722 649 819 684 tum
861 645 968 698 quia
1003 645 1155 685 minus
1189 646 1355 686 nobilis
1399 650 1527 697 esset,
1574 651 1671 686 tum
1715 648 1821 701 quia
1854 659 2041 700 grauem

396 717 652 757 cicatricem
685 717 731 757 in
764 730 840 758 ore
873 722 1077 769 gestaret,
1122 718 1362 759 Haldanus
1394 719 1506 758 dixit
1539 732 1584 759 se
1616 719 1778 759 iterum
1814 733 1915 761 eam
1949 734 2041 762 non

394 789 657 842 petiturum,
690 790 776 830 nisi
809 794 1049 844 Vtramque
1082 794 1237 830 notam
1266 791 1484 844 preclaris
1516 792 1733 844 operibus
1766 793 2040 844 extersisset3

394 863 602 902 obsecrat
619 862 819 915 insuper,
846 867 892 904 vt
916 863 1028 903 nulli
1056 863 1321 915 coniugium
1341 865 1565 916 spondeat
1591 868 1695 904 ante
1721 865 2039 906 certitudinem

393 935 564 974 reditus
611 935 681 975 sui
728 936 798 975 vel
838 936 1009 976 mortis.
1103 935 1312 989 Cumque
1352 936 1624 988 recessisset,
1672 937 1847 989 pugiles
1889 951 2041 991 super-

393 1008 629 1047 uenientes
646 1020 699 1048 ac
716 1008 966 1060 audientes,
993 1021 1096 1048 eum
1124 1021 1230 1048 cum
1257 1008 1429 1060 virgine
1457 1009 1677 1061 locutum,
1704 1022 1809 1049 cum
1839 1010 2039 1051 maximo

392 1080 563 1132 impetu
584 1080 736 1133 ipsum
756 1080 883 1133 equis
901 1081 1227 1134 insequuntur3
1246 1094 1362 1134 quos
1380 1081 1540 1121 videns
1560 1082 1800 1122 Haldanus
1818 1095 2038 1135 quercum

392 1153 583 1192 succidit
602 1165 654 1193 ac
680 1153 726 1192 in
745 1154 874 1193 claue
902 1153 1098 1193 formam
1117 1153 1299 1206 redegit,
1327 1166 1431 1193 cum
1451 1167 1541 1207 qua
1561 1167 1721 1194 omnes
1750 1167 1836 1195 .X11.
1864 1155 2038 1208 pugiles

391 1225 515 1264 solus
549 1226 842 1266 exanimauit.

476 1297 596 1338 XIII.
646 1298 752 1338 Post
784 1299 867 1339 hec
898 1298 1075 1350 gladios
1108 1299 1275 1352 recepit
1306 1312 1330 1339 a
1365 1303 1522 1351 matre,
1555 1312 1671 1354 quos
1703 1299 1803 1353 ipsa
1835 1300 1881 1340 in
1907 1305 2037 1342 antro

390 1370 686 1411 subterraneo
703 1383 858 1411 secum
874 1371 1111 1422 habuerat,
1131 1383 1184 1411 ac
1198 1372 1255 1411 ad
1273 1372 1475 1412 Rutenos
1492 1371 1719 1412 transiens
1734 1372 1798 1412 eis
1813 1373 2036 1414 auxilium

389 1454 524 1481 suum
573 1443 765 1495 prebuit,
817 1443 894 1497 qui
941 1447 1050 1483 tunc
1096 1444 1268 1483 bellum
1316 1444 1550 1484 habebant
1598 1448 1756 1485 contra
1804 1446 2037 1500 Aluerum,

387 1525 537 1566 regem
573 1515 755 1568 Swecie,
788 1516 1119 1569 dignanterque
1151 1516 1283 1556 valde
1316 1517 1374 1557 ab
1406 1517 1470 1557 eis
1503 1521 1567 1557 est
1600 1521 1850 1570 susceptus.
1907 1519 2036 1560 Miles

387 1588 541 1628 Alueri
567 1592 661 1628 erat
680 1588 962 1640 Hildegerus,
991 1589 1127 1629 frater
1147 1589 1345 1629 Haldani
1372 1603 1425 1630 ex
1443 1593 1608 1640 matre3
1641 1589 1842 1643 quicum
1862 1591 2036 1644 pugiles

389 1661 672 1700 Rutenorum
714 1665 872 1701 contra
914 1674 960 1701 se
994 1665 1278 1714 prouocaret,
1322 1662 1561 1702 Haldanus
1601 1675 1646 1702 se
1686 1662 1851 1715 optulit
1882 1676 2036 1704 occur—

387 1745 558 1773 surum.
625 1733 895 1785 Hildegerus
927 1747 1047 1785 vero,
1091 1734 1347 1786 intelligens
1379 1735 1504 1775 hunc
1537 1735 1721 1775 fratrem
1755 1748 1889 1776 suum
1924 1749 2034 1789 esse,

386 1808 538 1845 motus
571 1806 755 1846 caritate
787 1806 999 1857 fraterna,
1041 1807 1256 1859 quamuis
1288 1811 1415 1860 pater
1450 1807 1646 1847 Haldani
1688 1811 1861 1860 patrem
1898 1821 2033 1849 suum

384 1877 694 1922 interfecisset.
728 1879 874 1919 noluit
907 1891 1063 1919 secum
1096 1879 1353 1931 confligere,
1393 1879 1698 1933 allegauitque
1737 1880 2033 1934 simulatorie,

385 1951 507 2003 quod
527 1951 636 2003 ipse,
662 1952 739 2005 qui
760 1964 868 1992 ‚Lxx
900 1951 1074 2005 pugiles
1102 1955 1424 2004 prostrauerat,
1457 1952 1701 2004 confligere
1719 1965 1824 1993 cum
1844 1953 2033 1994 homine

383 2022 538 2073 ignoto
571 2036 664 2064 non
697 2024 892 2064 deberet.
945 2024 1085 2075 Igitur
1117 2024 1218 2064 loco
1251 2024 1348 2065 eius
1382 2025 1621 2065 Haldanus
1654 2025 1795 2065 alium
1830 2025 2029 2078 pugilem

384 2095 619 2147 expetiuit,
667 2109 803 2150 quein
837 2097 1094 2137 venientem
1137 2096 1288 2137 statim
1321 2097 1582 2150 prostrauit,
1628 2097 1689 2137 ita
1729 2098 1852 2151 quod
1886 2098 2029 2139 eciam

385 2168 585 2208 hostium
620 2169 960 2209 acclamacione
993 2169 1298 2222 probissimus
1331 2169 1537 2222 pugilum
1582 2170 1819 2210 diceretur.
1880 2170 2032 2211 Altero

384 2240 455 2280 die
488 2241 670 2281 duobus
702 2241 747 2281 in
782 2253 980 2295 pugnam
1014 2242 1164 2295 petitis
1196 2243 1359 2283 ambos
1376 2242 1644 2293 trucidauit,
1676 2242 1815 2283 tercio
1845 2242 1917 2282 die
1942 2247 2030 2283 tres

383 2312 509 2360 vicit;
556 2318 719 2367 quarto
754 2327 860 2366 .1111.,
907 2314 1066 2368 quinto
1101 2327 1169 2366 .v.,
1202 2319 1327 2355 sexto
1362 2327 1446 2367 .VI.,
1487 2315 1681 2368 septimo
1716 2327 1819 2366 .vn.,
1867 2319 2030 2356 octauo

384 2389 499 2436 octo,
534 2398 655 2426 nono
690 2399 758 2427 .1x.
793 2387 930 2427 simul
963 2387 1224 2440 prostrauit.
1296 2387 1435 2439 Igitur
1469 2387 1750 2440 Hildegerus,
1792 2387 1909 2428 facta
1948 2400 2029 2428 sua

472 2530 502 2564 1.
535 2540 610 2565 sua
643 2540 719 2565 om.
753 2530 864 2566 VAS.
956 2532 990 2567 4.
1023 2531 1163 2567 adhuc
1194 2532 1237 2567 A.
1327 2531 1472 2567 reduci
1504 2531 1581 2567 AS.
1671 2531 1704 2567 5.
1738 2534 1847 2567 esset
1876 2542 1953 2567 om.
1987 2531 2026 2568 S.

384 2587 417 2622 (5.
452 2587 700 2632 cycatricem
735 2588 777 2623 A.
856 2589 888 2623 7.
924 2588 1145 2634 petituram
1180 2589 1255 2624 AS.
1331 2591 1555 2634 vtrumque
1586 2588 1630 2624 A.
1706 2589 1947 2624 extercisset
1977 2588 2029 2632 A;

382 2642 665 2691 exerc(u)isset
701 2643 827 2693 S(S2).
922 2646 981 2681 10.
1024 2645 1152 2681 fuisse
1198 2645 1384 2681 locutum
1423 2646 1499 2682 AS.
1594 2646 1654 2681 11.
1691 2646 1938 2682 insecuntur
1978 2646 2029 2691 D3

382 2701 598 2746 insequtur
625 2701 709 2746 VS,
740 2702 797 2736 sic
827 2703 974 2748 saepius
1008 2704 1199 2739 variatur.
1266 2704 1326 2739 13.
1359 2703 1475 2738 solus
1507 2713 1584 2738 om.
1611 2702 1686 2738 AS.
1752 2703 1812 2739 14.
1845 2703 1927 2738 hoc
1950 2702 2026 2738 AS.

386 2759 547 2793 1445.
588 2759 675 2804 ipsa
725 2769 865 2794 secum
908 2760 928 2795 i.
970 2760 1196 2796 a..habuit
1238 2760 1345 2796 subt.
1387 2759 1462 2796 AS.
1558 2760 1619 2799 19.
1662 2760 1940 2795 rothonorum
1984 2760 2028 2796 A.

380 2826 423 2849 sc
470 2826 547 2850 om.
594 2817 636 2851 A.
729 2820 1003 2862 prouocasset
1049 2817 1125 2852 AS.
1218 2827 1441 2853 occursum
1483 2818 1526 2852 A.
1617 2817 1679 2852 21.
1728 2817 1903 2853 karitate
1943 2817 2025 2853 DV.

381 2872 444 2906 22.
491 2872 673 2918 affligere
720 2874 762 2909 A.
854 2874 1020 2910 22—23.
1071 2873 1188 2910 verba
1236 2874 1514 2920 allegauitque
1543 2874 1825 2920 ..confligere
1863 2884 1940 2910 om.
1983 2874 2026 2909 D.

383 2930 443 2964 23.
475 2940 550 2973 pro
584 2932 743 2974 1.xx(:
766 2930 888 2975 Saxo)
929 2931 969 2966 in
1009 2933 1041 2967 A
1081 2942 1143 2976 XL,
1186 2932 1226 2967 ιή
1260 2931 1288 2966 S
1327 2941 1406 2966 xxi.
1445 2931 1597 2977 legitur.
1689 2931 1920 2977 prostrauit
1951 2930 2026 2967 As.

380 2987 603 3031 confligere
635 2987 672 3023 Ιι.
707 2988 728 3023 I.
761 2998 838 3023 om.
871 2988 948 3032 AS,
990 2989 1058 3023 sed
1085 2991 1177 3033 post
1208 2988 1377 3024 deberet
1410 2988 1441 3023 A
1476 2997 1673 3034 pugnare,
1701 2990 1793 3033 post
1824 2988 1964 3034 ignoto
1999 2987 2026 3023 S

382 3042 535 3077 bellare
567 3043 724 3080 liabent.
788 3045 849 3080 25.
884 3056 982 3080 vero
1013 3043 1112 3093 (pro
1146 3043 1396 3093 venientem)
1428 3045 1503 3081 AS.
1578 3046 1721 3091 Itaque
1749 3045 1824 3080 AS.
1895 3044 2023 3080 eciam

380 3110 457 3134 om.
494 3099 531 3135 S.
596 3101 656 3136 26.
693 3102 1031 3146 proclamacione
1064 3103 1091 3137 S
1123 3102 1182 3150 (ut
1211 3101 1344 3150 Saxo).
1409 3103 1472 3138 27.
1505 3103 1631 3138 tercia
1668 3102 1784 3138 DAV.
