2150 3584
509 226 802 256 COMPENDIVM
836 227 1033 257 sAxoms.
1083 227 1165 255 Lm.
1200 227 1246 255 ιιι
1617 218 1696 258 247

54 342 150 383 eius
188 342 369 382 absciso
410 342 569 382 cadere
613 342 769 393 coegit.
847 342 951 392 Quo
992 345 1174 381 mortuo
1222 354 1387 394 corpus
1435 343 1532 382 eius
1580 343 1699 395 regio

54 414 231 455 tumulo
271 425 324 454 ac
366 413 764 466 sollempnissimis
796 413 1000 467 exequiis
1032 413 1301 453 honorabat.
1375 414 1547 455 Deinde
1579 428 1699 455 soro-

54 499 147 527 rem
181 486 277 527 eius
311 485 483 526 bellicis
516 485 651 526 rebus
686 486 876 538 peritam
912 490 1175 538 persecutus
1208 486 1384 525 occidit.
1435 487 1498 527 De
1531 487 1699 527 talibus

55 559 217 612 pugnis
249 557 504 599 victoriosis
525 558 688 598 Rorico
719 558 990 611 sollempnia
1025 557 1170 610 spolia
1204 559 1485 610 apportauit,
1520 564 1701 612 propter

53 631 174 684 quod
210 630 399 671 Roricus
440 631 484 670 in
523 634 699 670 tantum
743 643 847 670 eum
889 629 1169 677 honorabat,
1217 631 1340 682 quod
1381 630 1521 670 filiam
1567 645 1695 671 suain

54 703 223 744 Geruth
257 715 443 743 vxorem
484 702 523 742 ei
556 703 694 742 daret.
773 702 839 742 De
878 714 967 755 qua
1008 701 1082 741 ille
1122 702 1382 742 Ambletum
1427 703 1570 743 tilium
1606 717 1698 743 sus-

52 775 180 828 cepit.
243 775 329 815 Tot
361 774 457 815 eius
490 775 778 815 successibus
810 775 1041 828 prosperis
1082 774 1218 814 frater
1251 788 1362 814 suus
1403 775 1552 827 Fengo
1584 776 1699 816 inui-

51 848 163 888 dens
209 847 450 888 occasione
496 847 652 888 habita
699 846 883 887 fratrem
931 846 1119 896 occidit;
1180 859 1366 887 vxorem
1417 847 1565 887 fratris
1613 847 1697 888 sibi

51 931 292 960 assumens
324 919 547 960 incestum
581 919 830 960 fratricidio
862 918 1038 959 adiecit.

138 1042 209 1082 IX.
273 1005 591 1083 Ambletus
649 1041 968 1093 considerans,
1029 1054 1117 1095 que
1173 1041 1366 1093 fiebant,
1428 1055 1483 1082 ne
1537 1046 1698 1095 patruo

51 1117 233 1167 propter
264 1113 564 1167 prudenciam
598 1117 836 1167 suspectus
869 1117 997 1166 esset,
1037 1113 1283 1154 stulticiam
1317 1114 1566 1154 simulauit.
1633 1115 1697 1154 De

50 1199 139 1239 qua
174 1190 218 1228 vt
247 1199 300 1227 eo
333 1186 476 1238 magis
509 1186 648 1227 fidem
680 1186 781 1227 aliis
812 1186 991 1239 faceret,
1024 1186 1238 1226 sordibus
1271 1187 1437 1226 domus
1471 1199 1516 1226 se
1550 1187 1696 1240 inqui-

51 1258 192 1311 nauit,
238 1258 298 1299 ita
345 1262 407 1300 vt·
435 1259 481 1299 in
529 1258 642 1300 facie
681 1263 887 1300 monstro
930 1258 1093 1298 similis
1138 1259 1379 1299 videretur.
1458 1259 1694 1312 Quidquid

51 1330 243 1382 dicebat,
284 1331 638 1372 deliramentum
670 1331 932 1381 videbatur,
979 1331 1203 1385 quidquid
1237 1332 1419 1383 agebat,
1467 1331 1695 1371 insaniam

52 1403 356 1456 pretendebat.
421 1404 654 1445 Interdum
688 1403 789 1444 foco
822 1403 1029 1444 assidens
1062 1403 1334 1457 fauillasque
1363 1404 1578 1444 manibus
1605 1417 1698 1445 ver-

51 1488 153 1515 rens
199 1475 371 1527 ligneos
418 1488 559 1517 vncos
602 1476 748 1517 facere
788 1476 971 1530 ignique
1012 1477 1176 1516 durare
1222 1477 1382 1516 solitus
1423 1480 1517 1516 erat
1558 1489 1611 1516 ac
1651 1477 1693 1516 in

51 1547 230 1600 angulis
273 1548 360 1588 sibi
398 1548 518 1588 notis
559 1560 846 1590 conseruare.
923 1550 958 1588 A
991 1561 1082 1602 quo
1115 1561 1221 1589 cum
1253 1552 1539 1603 quereretur,
1586 1549 1695 1602 quid

51 1623 212 1672 ageret,
258 1624 391 1660 acuta
433 1621 609 1674 spicula
650 1621 697 1661 in
736 1622 962 1662 vlcionem
1004 1621 1144 1674 patris
1186 1633 1232 1660 se
1265 1617 1462 1661 formare
1495 1621 1694 1661 dicebat:

52 1693 173 1745 quod
207 1692 377 1733 facturn
409 1696 561 1734 tamen
595 1693 736 1748 aliqui
781 1693 994 1734 subtilius
1025 1693 1314 1734 aduertentes
1346 1694 1560 1734 dicebant
1591 1707 1692 1734 eum

51 1765 223 1806 astucia
257 1766 556 1818 prudenciam
589 1766 829 1807 occultare.
908 1766 1046 1806 Facto
1088 1765 1223 1817 igitur
1264 1766 1455 1806 consilio
1490 1766 1696 1819 pulcher-

52 1837 216 1878 rimam
258 1838 553 1879 iuuenculam
592 1838 678 1879 sibi
717 1838 931 1892 anteponi
974 1838 1018 1878 in
1059 1838 1232 1878 rubetis
1275 1838 1485 1878 clanculo
1518 1839 1696 1879 ordina-

53 1911 174 1962 bant,
207 1914 265 1964 vt,
298 1912 335 1950 si
360 1923 460 1951 earn
488 1924 566 1964 per
588 1923 801 1951 venerem
819 1914 1120 1963 attemptaret,
1152 1910 1306 1964 vtique
1325 1923 1483 1964 expers
1503 1911 1696 1951 stulticie

53 1982 290 2024 videretur.
367 1984 549 2024 Vadunt
580 1996 735 2024 secum
770 1983 921 2023 statim
955 1983 1117 2036 aliqui,
1166 1983 1244 2036 qui
1292 1983 1443 2036 ipsum
1486 1983 1530 2022 in
1579 1996 1695 2036 equo

139 2093 172 2129 2.
205 2093 425 2140 sollempn.
462 2094 550 2139 DV,
589 2094 791 2140 solempn.
825 2094 876 2136 Α;
914 2093 1073 2129 solenn.
1106 2092 1133 2128 S
1166 2089 1217 2141 (Ii.
1251 2093 1272 2128 l.
1308 2088 1593 2141 solenniis(!)):
1640 2093 1696 2127 sic

53 2149 268 2186 identidem
301 2151 503 2196 variatu1·,·
535 2161 607 2196 eqo
638 2161 796 2196 semper
825 2149 1013 2196 sollemp.
1046 2149 1233 2186 scribam.
1315 2149 1582 2185 honorabant
1614 2150 1696 2185 DV.

55 2206 89 2242 3.
121 2210 372 2254 persequtus
404 2208 449 2252 V,
489 2210 532 2244 ut
561 2208 720 2254 soepius.
813 2208 848 2244 4.
884 2207 1035 2254 pugnis
1067 2217 1146 2243 om.
1180 2208 1223 2242 Α.
1312 2208 1419 2242 4-5.
1452 2221 1475 2253 p
1502 2207 1615 2253 quod
1649 2207 1693 2242 V.

55 2264 89 2300 5.
124 2265 351 2301 honorauit
367 2266 410 2301 Α.
481 2265 594 2312 quod
614 2265 667 2310 ὓς
700 2268 741 2301 vt
765 2264 879 2301 VAS.
944 2264 978 2299 6.
1010 2264 1259 2309 gheruthA3
1291 2264 1413 2310 gruth
1435 2263 1479 2309 S,
1512 2264 1695 2299 Gerutha

52 2319 168 2357 Saxo.
241 2321 354 2358 dedit
386 2322 425 2358 S.
494 2323 552 2358 De
583 2322 653 2358 illa
685 2321 800 2358 Amb.
827 2321 902 2358 AS.
965 2322 1075 2358 6-7.
1109 2322 1269 2367 accepit
1301 2321 1346 2357 V.
1411 2321 1446 2357 7.
1481 2321 1696 2367 prosperis

53 2388 129 2415 om.
163 2378 202 2414 S.
272 2379 307 2415 8.
341 2379 421 2415 sibi
452 2379 594 2415 fratris
626 2380 671 2415 V.
743 2379 804 2416 10.
838 2378 884 2414 In
918 2388 1049 2424 mat-y.
1083 2379 1133 2414 A:
1166 2388 1264 2415 xx11.
1299 2378 1423 2424 segge.
1455 2377 1515 2413 aff
1541 2378 1695 2413 hanon]

53 2435 172 2471 kallis
211 2436 337 2482 feggis
371 2437 479 2472 sund
519 2437 543 2483 ij
580 2436 778 2479 Iutland.;
824 2437 861 2471 et
886 2435 1013 2482 paulo
1042 2438 1151 2481 post:
1198 2445 1311 2471 xxm.
1344 2434 1505 2470 Amblet
1537 2435 1695 2480 roriges

53 2492 190 2529 dotter
232 2494 312 2530 son.
362 2514 400 2519 —
452 2494 514 2530 10.
557 2493 797 2529 considerat
828 2493 867 2528 S.
961 2492 1124 2528 11—-12,
1163 2492 1222 2528 De
1261 2503 1345 2538 quo
1379 2492 1417 2529 S.
1512 2493 1571 2527 12.
1604 2491 1696 2527 aliis

55 2549 176 2586 Iidem
209 2549 284 2586 As.
364 2551 424 2587 13.
460 2550 635 2586 monstri
667 2551 712 2586 Α.
789 2549 985 2596 quidquit
1018 2549 1051 2584 D
1081 2548 1177 2597 (bis,·
1217 2549 1274 2584 sic
1304 2550 1475 2595 scepius).
1536 2548 1696 2584 Senten-

55 2605 202 2642 tiarum
235 2607 418 2643 ordinem
452 2607 615 2643 inuertit
643 2607 727 2643 AS:
774 2606 988 2653 Quidquid
1021 2617 1067 2651 3.,
1098 2607 1121 2642 i.
1154 2606 1444 2652 pretendebat;
1488 2605 1695 2652 quidquid

54 2663 106 2705 d..
151 2664 187 2700 d.
227 2664 458 2701 videbatur.
552 2666 613 2701 14.
653 2664 924 2700 delimentum
967 2663 1012 2699 V.
1100 2663 1262 2699 insanie
1297 2663 1381 2705 AS3
1426 2663 1611 2698 insanire
1651 2663 1695 2698 V.

57 2721 219 2757 15—16.
267 2721 452 2757 fauillam
501 2733 553 2759 m.
602 2733 635 2759 v.
682 2721 759 2758 AS.
861 2721 922 2757 16.
971 2730 1102 2756 vncus
1148 2721 1191 2756 Α.
1294 2720 1429 2756 facere
1475 2730 1604 2755 vncos
1652 2720 1696 2756 D.

59 2777 119 2814 17.
159 2779 430 2814 conseruauit
468 2778 516 2823 S;
561 2779 790 2815 obseruare
834 2778 886 2821 ὓς
932 2787 1151 2813 asseruare
1196 2777 1316 2816 Saxo,
1408 2779 1608 2823 queretur
1654 2776 1694 2811 S.

30 2834 120 2876 ,18.
158 2836 199 2870 in
238 2835 345 2880 (vlc.)
384 2835 503 2881 DAS3
549 2836 600 2871 ad
635 2833 688 2871 V3
727 2836 766 2871 in
809 2845 938 2881 marg.
977 2845 1054 2880 pro
1092 2834 1216 2870 deleto
1263 2835 1302 2870 ιἰι
1344 2836 1449 2869 textu
1490 2833 1694 2877 vocabulo,

56 2892 162 2936 quod
183 2893 288 2928 certo
313 2892 391 2938 leyi
414 2903 497 2928 non
518 2895 654 2939 potest.
720 2893 778 2929 19.
813 2894 855 2928 tn
879 2893 1047 2936 (tamen)
1072 2890 1118 2935 S,
1149 2897 1198 2927 cu
1225 2892 1344 2927 DVA.
1407 2890 1631 2926 subtilibus
1657 2890 1696 2925 S.

58 2947 120 2984 20.
155 2949 312 2985 astucia
344 2950 573 2996 prudencia
609 2950 654 2992 D,
686 2960 785 2985 corr.
818 2946 889 2993 D23
922 2948 1080 2984 astucia
1114 2948 1343 2994 prudencia
1370 2949 1413 2983 V.
1502 2947 1696 2983 occulare

58 3004 132 3042 SV.
206 3006 385 3042 concilio
419 3006 530 3043 DAS.
607 3007 670 3042 22.
703 3017 792 3042 eam
826 3016 903 3041 om.
939 3004 1014 3041 As,

1428 3072 1491 3101 17*

1726 1052 1766 1082 10

1725 1414 1765 1444 15

1722 1776 1764 1807 20
