2150 3584
366 1027 405 1059 10

366 1389 406 1419 15

363 1751 405 1782 20

363 2114 404 2144 25

364 2479 406 2509 30

430 243 512 283 292
768 252 1043 282 SCRIPTORES
1076 251 1303 281 HISTORIAE
1336 251 1512 280 DANICAE
1544 251 1744 280 M1N0REs

432 367 552 408 exire
599 370 798 420 cuperet,
845 379 995 417 senex,
1043 366 1122 420 qui
1170 379 1312 419 prope
1359 369 1466 417 erat,
1515 366 1555 406 ei
1601 378 1707 406 cum
1753 365 1904 418 gladio
1950 369 2077 406 nates

430 440 638 491 abscidit,
685 439 840 492 sicque
878 438 1017 478 miser
1055 438 1237 488 cecidit3
1285 451 1378 479 non
1410 438 1534 478 enim
1566 438 1654 478 nisi
1685 439 1855 479 vulnus
1887 437 2078 490 ignomi-

431 512 614 553 niosum
663 512 749 552 sibi
796 512 904 552 dare
950 511 1143 552 volebat.
1237 511 1416 551 Extunc
1463 510 1603 562 Helga
1658 511 1876 551 honestos
1927 523 2078 551 mores

431 585 599 626 habere
633 584 865 634 studebat3
898 583 1220 624 Starkatherus
1251 596 1358 624 vero
1392 583 1437 622 in
1472 582 1692 623 Sweciam
1725 583 1782 623 ad
1813 583 2076 623 Haldanum

432 662 497 698 est
526 670 739 698 reuersus
772 668 1044 709 semperque
1077 655 1277 706 negociis
1309 655 1484 695 bellicis
1516 655 1765 696 insistebat.

516 730 612 771 VII.
660 729 835 770 Accidit
859 733 1028 779 autem,
1061 731 1106 767 vt
1125 728 1282 779 Helgo,
1315 740 1393 767 rex
1411 727 1662 779 Norwegie‚
1695 728 1852 769 volens
1872 728 2078 780 Helgam,

431 815 635 844 sororem
682 801 861 854 Ingelli,
914 804 1064 854 petere
1109 813 1320 851 vxorem,
1370 799 1496 841 venit
1542 799 1588 839 in
1637 799 1833 840 Daniam
1879 800 2079 852 nauigio,

431 876 562 917 cuius
603 875 755 916 velum
797 874 1026 915 excultum
1071 877 1165 913 erat
1204 885 1331 924 auro,
1379 872 1603 926 cuiusque
1642 872 1793 913 malus
1832 872 2079 913 deauratus

431 947 672 1002 purpureis
710 946 908 987 restibus
939 945 1190 985 tenebatur.
1253 945 1462 985 Venienti
1497 945 1696 997 Ingellus
1735 945 1908 993 annuit,
1953 946 2077 999 quod

432 1021 630 1074 petebat,
676 1019 737 1059 ita
783 1023 959 1070 tamen,
1006 1018 1130 1071 quod
1178 1030 1260 1070 pro
1307 1017 1430 1057 fama
1477 1031 1560 1058 sua
1606 1018 1653 1058 in
1699 1018 1853 1058 duello
1900 1017 2079 1072 aliquos

432 1093 607 1147 pugiles
653 1091 915 1140 sustineret;
962 1091 1087 1144 quod
1134 1090 1208 1130 ille
1255 1090 1448 1130 libenter
1494 1090 1760 1144 acceptauit.
1839 1090 1980 1130 Erant
2026 1104 2078 1131 eo

430 1170 636 1219 tempore
665 1176 834 1204 nouem
862 1162 940 1215 filij
968 1162 1103 1203 vuius
1126 1162 1256 1203 ducis
1282 1163 1326 1202 in
1349 1163 1593 1213 Sialendia,
1625 1162 1763 1203 fortes
1795 1166 1838 1203 et
1868 1164 2079 1210 audaces,

431 1250 628 1291 quorum
668 1236 899 1290 antiquior
933 1235 1124 1287 Helgam
1166 1234 1309 1275 eciam
1354 1235 1590 1288 petiuerat,
1639 1235 1716 1275 sed
1749 1235 1954 1288 optinere
1986 1248 2078 1275 non

432 1314 619 1364 poterat.
680 1308 850 1349 Videns
888 1312 1042 1348 autem
1082 1307 1167 1348 sibi
1209 1311 1420 1359 negatam
1454 1308 1650 1360 Helgoni
1680 1307 1958 1361 promissam
1990 1319 2080 1348 cer-

433 1387 587 1423 tamen
634 1381 673 1422 ei
718 1380 905 1430 indixit3
953 1381 1075 1433 quod
1118 1393 1223 1420 cum
1267 1380 1410 1432 Helgo
1449 1383 1717 1434 acceptaret,
1763 1380 1886 1421 diem
1929 1391 2080 1433 pugne

432 1455 716 1496 constituunt
756 1454 802 1493 in
841 1453 914 1493 die
953 1452 1242 1506 nupciarum.
1306 1453 1690 1493 Animaduertens
1731 1456 1888 1506 postea
1922 1453 2079 1505 Helgo,

432 1527 555 1581 quod
595 1526 720 1566 solus
761 1529 917 1566 contra
950 1538 1120 1565 nouem
1155 1536 1357 1578 pugnare
1389 1526 1586 1577 deberet,
1634 1525 1855 1566 sollicitus
1895 1529 1989 1565 erat
2024 1525 2079 1565 de

433 1610 585 1652 pugna
617 1598 790 1648 futura3
823 1610 959 1651 quem
988 1597 1128 1650 Helga
1162 1598 1427 1638 confortans
1460 1599 1681 1650 hortatur,
1713 1602 1760 1639 vt
1785 1598 1833 1638 in
1858 1597 2078 1638 Sweciam

432 1672 568 1713 vadat
599 1683 652 1711 ac
678 1671 1046 1721 Starkatherum,
1094 1670 1172 1723 qui
1204 1670 1458 1722 indigentes
1491 1671 1651 1711 iuuare
1685 1670 1872 1722 solebat,
1918 1682 2001 1723 pro
2034 1682 2080 1710 se

432 1744 631 1798 postulet
672 1747 997 1796 pugnaturum.
1061 1743 1164 1793 Quo
1207 1743 1399 1783 consilio
1432 1747 1619 1796 accepto
1652 1743 1872 1784 Sweciam
1904 1742 2080 1783 intrans

432 1817 647 1870 Vpsalem
685 1816 821 1867 venit,
868 1815 1165 1868 premisitque
1204 1829 1363 1867 vnum,
1405 1817 1483 1869 qui
1525 1829 1629 1857 eum
1671 1816 1888 1856 salutaret
1927 1827 1980 1856 ac
2021 1815 2078 1855 ad

433 1889 624 1942 nupcias
670 1888 762 1928 filie
808 1888 1055 1928 Frothonis
1094 1888 1320 1929 inuitaret.
1384 1888 1592 1942 Cumque
1638 1889 1723 1929 hec
1768 1888 1842 1929 ille
1887 1887 2080 1939 fecisset,

433 1961 755 2002 Starkatherus
786 1960 1050 2012 indignatus
1082 1961 1209 2012 dixit,
1256 1974 1301 2001 se
1340 1961 1681 2002 vindicaturum
1714 1961 1760 2001 in
1794 1973 1913 2010 eum,
1955 1961 2078 2014 quod

431 2037 661 2087 reputaret
698 2046 804 2074 eum
845 2033 1029 2073 solitum
1074 2045 1254 2074 currere
1295 2035 1353 2074 ad
1392 2034 1565 2074 alienas
1607 2033 1830 2087 coquinas
1862 2046 1944 2086 pro
1977 2032 2079 2073 cibo

431 2106 636 2157 lauciori,
682 2105 771 2145 nisi
817 2105 1034 2146 dilectum
1082 2105 1168 2146 sibi
1217 2106 1498 2146 Frothonem
1545 2106 1841 2146 nominasset.
1911 2104 2079 2145 Audito

432 2179 529 2219 eius
561 2191 782 2232 responso
817 2179 958 2231 Helgo
991 2179 1049 2218 ad
1082 2191 1185 2218 eum
1220 2178 1422 2229 intrauit,
1469 2179 1674 2219 salutans
1715 2191 1820 2219 eum
1861 2191 1914 2218 ex
1953 2181 2079 2231 parte

432 2251 523 2292 filie
556 2251 818 2303 Frothonis,
865 2251 1116 2304 petiuitque
1155 2251 1253 2291 eius
1291 2250 1607 2291 assistenciam
1645 2251 1691 2290 in
1724 2262 1893 2303 pugna,
1939 2263 2079 2304 quam

432 2327 768 2377 acceptauerat,
817 2323 974 2364 dicens
1021 2337 1067 2364 se
1114 2324 1269 2363 minus
1316 2322 1546 2375 sufficere,
1593 2336 1646 2364 eo
1693 2323 1816 2377 quod
1859 2335 2079 2363 numerus

433 2408 587 2436 secum
629 2395 958 2437 dimicancium
998 2396 1328 2437 determinatus
1370 2409 1461 2436 non
1511 2400 1638 2436 esset.
1703 2395 1904 2447 Cognitis
1944 2395 2080 2447 igitur

432 2472 636 2521 tempore
683 2473 723 2508 et
770 2469 870 2509 loco
918 2468 1194 2520 certaminis,
1240 2468 1373 2509 iussit
1413 2468 1734 2509 Starkatherus
1773 2481 1878 2508 eum
1920 2467 2078 2519 redire,

434 2541 702 2593 promittens
735 2554 781 2581 se
814 2542 974 2582 eodem
1007 2545 1212 2594 tempore
1245 2541 1510 2582 affuturum.

523 2699 553 2733 1.
587 2707 682 2732 cum
715 2697 852 2743 gladio
885 2698 920 2733 ei
949 2698 994 2733 V.
1059 2698 1094 2733 2.
1129 2698 1278 2733 misser
1310 2698 1355 2733 D.
1416 2696 1600 2733 concidit
1630 2696 1749 2733 Saxo.
1813 2696 1848 2731 3.
1883 2695 2006 2732 vellet
2036 2695 2077 2732 S.

435 2754 470 2790 3.
503 2765 640 2790 mores
681 2755 776 2790 hon.
817 2754 857 2791 S.
950 2755 983 2790 5.
1027 2758 1088 2790 est
1124 2765 1201 2791 om.
1243 2755 1282 2791 S.
1374 2755 1408 2791 6.
1441 2754 1574 2799 Addit,
1619 2764 1722 2793 corr.
1766 2753 1805 2788 in
1837 2753 2000 2788 Adcidit
2033 2752 2078 2787 D.

435 2812 469 2848 7.
504 2811 664 2846 daciam
700 2811 743 2847 V.
835 2812 870 2847 9.
906 2812 1091 2848 vestibus
1124 2811 1218 2848 SA2.
1310 2812 1448 2847 9—10.
1488 2811 1602 2857 quod
1645 2811 1795 2858 petiuit
1827 2810 1874 2855 S;
1919 2820 1998 2846 om.
2031 2810 2076 2845 A.

437 2869 497 2904 10.
537 2868 702 2914 aliquos
743 2869 783 2903 in
825 2868 966 2904 duello
1005 2869 1081 2905 AS.
1176 2869 1236 2904 12.
1286 2868 1502 2915 ryaelendia
1544 2867 1583 2904 h.
1627 2869 1647 2904 I.
1688 2869 1741 2913 A3
1790 2867 1995 2903 rialediam
2033 2866 2077 2901 V.

438 2926 496 2960 14.
544 2928 583 2960 et
631 2926 806 2971 Helgoni
853 2926 928 2961 AS.
1025 2927 1083 2961 19.
1132 2927 1244 2961 vadit
1288 2927 1338 2970 V;
1386 2926 1507 2961 vadet
1552 2926 1595 2962 A.
1686 2926 1750 2961 21.
1797 2924 1984 2971 vpsalam
2025 2923 2078 2967 D;

435 2982 637 3028 vpsaliam
686 2982 724 3018 S.
815 2983 887 3028 qui
935 2983 1025 3028 DV;
1071 2987 1113 3019 vt
1155 2984 1231 3019 AS.
1325 2983 1388 3019 22.
1437 2982 1645 3018 frothonis
1692 2982 1776 3017 filie
1822 2981 1888 3017 AS
1934 2980 2078 3024 (Saxo).

434 3038 536 3074 Cum
570 3040 614 3074 A.
679 3040 742 3075 23.
774 3051 817 3075 se
851 3040 901 3075 ad
935 3040 1045 3075 vind.
1072 3040 1155 3086 DV,
1187 3040 1254 3075 sed
1286 3040 1336 3075 ad
1371 3040 1411 3075 in
1444 3040 1485 3075 id
1517 3049 1618 3075 corr.
1649 3038 1713 3075 Dl.
1775 3039 1840 3075 24.
1874 3038 2078 3084 coquinas

434 3118 511 3143 0111.
545 3108 588 3146 V.
653 3109 716 3143 29.
749 3109 915 3153 cognito
948 3109 979 3143 A
1013 3110 1070 3152 (ul
1101 3108 1233 3152 Saxo).
1311 3109 1435 3153 igitur
1465 3093 1515 3155 (ἐ)
1548 3109 1601 3152 D,
1634 3108 1712 3143 sibi
1744 3092 1792 3155 (ζ)
1824 3106 1935 3142 VAS.
