2150 3584
645 210 905 239 CHRONICON
940 210 1247 239 ROSKILDENSF.
1720 200 1769 238 19

129 326 346 369 Sleswich
378 329 479 378 post
514 324 730 365 Hericum
765 324 1043 373 Marconem,
1078 327 1179 376 post
1212 323 1479 374 Liafdagum
1515 325 1570 363 ad
1608 324 1766 376 Ripam

129 400 406 441 Folbertum.
455 397 734 438 Othincarus
753 397 908 447 Albus,
940 396 996 436 ad
1017 396 1246 436 Svethiam
1274 396 1524 446 ordinatus,
1558 396 1768 436 Scaniam

129 476 170 513 et
202 471 366 512 Seland
400 469 685 523 procurauit;
732 472 834 522 post
872 481 1008 522 quem
1048 468 1131 508 fuit
1163 467 1437 520 Thurgotus.
1502 468 1586 507 Iste
1627 468 1770 508 eciam

131 544 361 585 Haroldus
397 553 547 594 regern
583 542 958 582 Normannorum
994 540 1228 580 Haconem
1272 540 1327 580 de
1358 551 1497 591 regno
1529 541 1769 592 expulsum

129 615 333 657 restituit.
398 614 540 655 Filius
582 613 782 654 Haconis
825 614 1001 654 Trucco
1048 612 1145 663 fuit,
1192 612 1269 666 qui
1314 612 1514 652 Haroldo
1562 613 1818 652 subditus-5

130 688 224 729 fuit.
288 687 432 728 Filius
464 687 560 727 eius
594 685 704 727 Olaf
731 685 961 726 Cracaben
996 685 1090 725 fuit.

215 806 286 846 VI.
356 766 622 845 Haroldus
669 803 1001 858 quinquaginta
1057 816 1204 843 annos
1257 803 1301 843 in
1352 803 1497 842 Dania
1554 803 1772 854 regnauit.

130 879 278 930 Quem
325 878 447 918 filius
494 877 610 918 Sven
658 876 705 916 in
752 876 846 916 acie
893 875 1176 927 uulnerauit,
1225 876 1516 916 uulneratum
1564 888 1588 914 a
1636 886 1774 926 regno

130 951 324 1004 expulit3
371 950 448 1004 qui
490 949 668 1001 fugiens
709 949 834 989 uenit
875 948 919 988 in
955 948 1185 989 Sclauiam
1227 948 1382 1001 ibique
1420 947 1523 988 exul
1570 947 1682 1000 obijt
1721 951 1775 999 et,

130 1024 268 1064 uelud
294 1023 405 1063 alter
423 1022 588 1073 Dauid,
621 1021 765 1073 magis
793 1022 848 1061 de
881 1020 1073 1074 perfidia
1105 1020 1184 1073 filij
1220 1033 1359 1073 quam
1393 1033 1446 1060 ex
1479 1033 1558 1060 sua
1594 1020 1775 1060 miseria

132 1096 303 1137 dolens.
367 1095 543 1148 Corpus
577 1094 674 1135 eius
705 1107 730 1134 a
764 1094 858 1134 suis
890 1094 935 1134 in
969 1094 1164 1147 patriam
1197 1096 1479 1146 reportatum
1513 1092 1559 1132 in
1594 1093 1775 1134 ciuitate

134 1168 320 1209 Roskild
359 1167 638 1207 tumulatum
672 1171 748 1207 est.
812 1167 946 1218 Quod
980 1166 1173 1207 audiens
1206 1165 1317 1207 Olaf
1344 1165 1592 1217 Cracaben,
1633 1177 1778 1218 augur

132 1240 447 1294 peritissimus,
495 1239 617 1280 filius
649 1239 911 1291 Trucconis,
944 1239 1022 1292 filij
1067 1238 1282 1292 Haquini,
1330 1251 1465 1291 quem
1511 1238 1776 1291 Haquinum

134 1313 363 1353 Haroldus
395 1313 450 1353 de
482 1323 620 1364 regno
654 1312 896 1365 expulsum
926 1311 1157 1360 stabiliuit,
1192 1324 1368 1351 memor
1399 1310 1522 1351 illius
1555 1310 1777 1350 benefacti

133 1385 284 1425 statim
318 1385 475 1425 Danos
507 1385 628 1438 adijt,
676 1395 827 1437 regem
862 1384 994 1425 Swen
1036 1383 1208 1437 expulit
1240 1387 1281 1424 et
1311 1395 1502 1435 regnum
1538 1383 1777 1423 Danorum
1828 1386 1846 1416 5

131 1458 287 1498 tenuit.
337 1457 466 1499 Swen
494 1458 683 1498 exulans
708 1456 1077 1510 potentissimum
1102 1468 1251 1509 regem
1273 1456 1566 1508 Swenonum‚
1592 1456 1779 1496 nomine

134 1531 278 1571 eciam
311 1530 429 1580 Olaf,
462 1530 596 1583 adijt;
639 1530 844 1583 supplex,
877 1533 927 1569 ut
956 1529 1003 1569 in
1036 1540 1226 1581 regnum
1260 1529 1584 1580 restitueretur,
1617 1528 1777 1569 orauit.

134 1604 228 1644 Nec
280 1615 428 1643 mora:
492 1602 821 1656 superueniens
874 1614 980 1642 cum
1037 1601 1339 1643 Swenonibus
1394 1601 1564 1641 bellum
1620 1601 1780 1641 habuit

133 1675 480 1728 grauissimum,
541 1675 586 1715 in
639 1688 730 1728 quo
784 1687 862 1714 rex
914 1674 1111 1715 Norueie
1159 1674 1268 1715 Olaf
1315 1673 1506 1726 augurio
1563 1674 1779 1726 deceptus

134 1748 307 1788 cecidit.
399 1747 551 1799 Swen,
613 1747 885 1799 cognomine
944 1747 1207 1800 Tyuvskeg,
1268 1747 1360 1786 duo
1423 1757 1560 1798 regna
1620 1745 1778 1793 tenuit,

135 1820 405 1861 Christianis
452 1821 586 1860 ualde
633 1819 862 1867 inimicus,
908 1833 1025 1873 quos
1072 1819 1216 1860 eciam
1263 1818 1435 1859 finibus
1476 1818 1570 1858 suis
1617 1817 1779 1870 expelli

134 1893 345 1946 precepit.
409 1893 496 1933 Sed
529 1905 632 1933 cum
667 1905 692 1932 a
725 1892 900 1933 Sclauis
932 1893 978 1932 in
1011 1892 1131 1932 bello
1163 1891 1312 1931 uictus
1344 1895 1410 1930 ter
1442 1893 1691 1943 caperetur,
1740 1893 1780 1930 et

135 1965 205 2005 bis
250 1969 456 2018 argento,
511 1965 650 2006 tercia
696 1965 796 2005 uice
842 1978 955 2005 auro
1002 1964 1353 2018 ponderaretur,
1409 1963 1596 2003 tandem
1642 1963 1778 2002 deum

136 2038 351 2090 cognouit
382 2041 485 2091 post
515 2037 706 2090 flagella,
739 2050 876 2091 quem
909 2037 1027 2090 cepit
1053 2049 1240 2091 querere
1264 2036 1395 2088 eique
1420 2036 1613 2075 credere.
1662 2035 1779 2075 Nam

136 2110 354 2151 accersito
394 2123 419 2150 a
454 2110 689 2162 Norwegia
734 2110 965 2150 Bernardo
1005 2110 1220 2162 episcopo
1260 2108 1306 2148 in
1339 2107 1501 2148 Scania
1542 2107 1779 2147 ecclesiam

222 2209 257 2245 2.
290 2209 557 2254 Othyncarus
589 2208 656 2244 OS
733 2208 941 2244 Svethiam
978 2207 1028 2251 K;
1075 2207 1257 2243 Suetiam
1290 2206 1347 2251 03
1395 2205 1616 2241 Swethiam
1652 2205 1679 2241 S
1712 2205 1781 2249 (sie

135 2266 373 2312 plerumque
405 2265 509 2301 inter
536 2276 576 2301 sc
607 2265 801 2312 differunt
831 2265 1002 2310 codices3
1033 2275 1105 2310 eyo
1139 2264 1171 2299 K
1203 2264 1372 2309 sequor).
1446 2263 1480 2299 3.
1514 2263 1620 2298 Iste.
1641 2264 1782 2298 .resti-

137 2323 226 2366 tuit,
256 2322 327 2368 cfr.
353 2322 498 2358 Adam.
520 2323 542 2358 I.
563 2323 587 2358 l.
615 2333 701 2368 cap.
721 2322 774 2357 22
800 2322 905 2357 etad
928 2321 1134 2368 sequentia
1159 2332 1273 2367 capp.
1294 2320 1359 2356 32.
1380 2319 1446 2356 34.
1510 2321 1543 2355 4.
1572 2319 1780 2355 Haraldus

138 2380 173 2416 Ο
215 2379 267 2428 (et
304 2380 360 2415 sic
398 2380 543 2426 soepius
577 2380 617 2415 in
649 2380 717 2415 OS
751 2380 956 2424 variatur).
1032 2380 1068 2414 5.
1104 2378 1291 2414 Truccor
1322 2378 1361 2414 S.
1438 2378 1472 2413 6.
1505 2377 1617 2412 Olaff
1644 2377 1680 2413 Ο
1712 2376 1783 2421 (sic

139 2437 285 2483 saepius
318 2437 484 2483 ffinale
514 2435 770 2484 duplicatur).

186 2526 189 2529 ,
224 2493 328 2540 Cap.
360 2495 429 2529 vl.
494 2493 574 2539 Cfr.
622 2493 766 2530 Adam.
811 2493 833 2529 l.
873 2493 896 2528 l.
945 2503 1060 2538 capp.
1101 2492 1266 2528 25-27.
1309 2491 1477 2528 37—39.
1519 2491 1607 2535 49.;
1654 2491 1781 2526 multa

141 2553 274 2587 tamen
306 2553 446 2587 auctor
475 2553 612 2586 noster
641 2550 759 2586 aliter
793 2552 949 2585 narrat.
1042 2551 1076 2586 9.
1115 2549 1230 2595 fuges
1272 2549 1306 2585 Ο
1393 2551 1487 2595 post
1525 2549 1629 2584 obiit
1671 2548 1711 2583 in
1755 2548 1781 2583 S

139 2609 230 2645 add.
276 2607 539 2654 Stephanius:
585 2608 773 2644 A.C.M.I.
867 2607 926 2643 10.
969 2607 1081 2643 velut
1126 2606 1195 2643 OS
1284 2607 1414 2652 magis
1457 2617 1583 2651 supra
1623 2615 1781 2640 versum

139 2665 231 2701 add.
275 2676 327 2701 m.
372 2665 391 2700 1
437 2665 483 2702 Ο.
578 2665 637 2701 13.
669 2664 901 2700 Trucconis
934 2665 1186 2714 (Truccone)
1232 2663 1386 2709 scripsi,
1431 2663 1631 2699 Truccori
1668 2661 1782 2698 Kos.

144 2723 204 2758 14.
236 2722 286 2758 de
317 2731 446 2768 regno
473 2722 693 2768 expulsum
722 2721 933 2757 Haroldus
959 2721 999 2758 S.
1065 2720 1231 2757 16—18.
1264 2721 1476 2757 Sueonum
1496 2750 1502 2755 .
1522 2750 1527 2755 .
1548 2719 1783 2755 Sueonibus

141 2779 250 2824 0(s).
308 2780 368 2815 16.
402 2780 562 2815 nomini
588 2780 631 2815 K.
696 2779 756 2814 19.
788 2790 860 2814 rex
888 2778 1132 2824 Norvvegiae
1159 2778 1206 2823 S,
1239 2778 1387 2814 noruie
1419 2776 1582 2821 <omisso
1614 2778 1699 2819 rex)
1732 2776 1783 2819 K;

142 2847 274 2872 norue
305 2835 340 2872 Ο
374 2836 415 2871 in
449 2838 575 2881 textu,
609 2847 688 2882 quo
720 2836 843 2871 deleto
876 2846 928 2871 m.
965 2836 984 2871 1
1020 2835 1060 2870 in
1095 2846 1224 2881 marg.
1255 2834 1432 2880 scripsit:
1471 2834 1669 2879 noruegie
1701 2843 1783 2868 rex.

142 2893 205 2929 20.
237 2893 456 2939 Tyuuseeg
487 2893 544 2938 0;
576 2893 799 2940 Tyuuskeg
830 2892 870 2929 S.
935 2893 998 2928 21.
1030 2892 1295 2928 Christianus
1327 2891 1373 2928 Ο.
1439 2891 1502 2927 23.
1535 2891 1656 2926 deum
1693 2889 1784 2933 KO;

145 2950 368 2986 Dominum
401 2950 429 2986 S
467 2951 708 2994 (Dominum
741 2959 1006 2996 cognoscere,
1053 2950 1185 2985 Deum
1219 2959 1408 2995 quaerere
1439 2948 1585 2993 saepius
1618 2947 1657 2982 in
1699 2945 1785 2981 Vul-

143 3009 254 3052 9ata;
303 3010 397 3053 post
443 3007 602 3053 flagella
649 3006 729 3042 Iob.
774 3007 934 3050 4216).
1026 3007 1090 3045 25,
1139 3017 1161 3042 a
1211 3005 1489 3051 Noru(w)egia
1537 3002 1644 3051 0(S>‚
1692 3004 1783 3039 item

143 3064 288 3109 soepius
321 3064 362 3099 in
394 3063 457 3099 his
489 3064 682 3100 variatur.
759 3064 892 3099 scania.
919 3064 1032 3099 initio
1063 3062 1206 3099 habuit
1239 3063 1283 3098 K.

1537 3128 1579 3158 2*

1804 1023 1844 1053 10

1805 1749 1847 1780 20

1807 2112 1848 2142 25
