2150 3584
51 1075 91 1106 10

51 1437 91 1467 15

51 2102 92 2134 20

254 196 472 226 SVENOle
504 196 695 225 Acconis
729 196 830 224 1⁴'1L11
865 196 1024 226 Bnssv1s
1057 197 1268 226 fflsronm
1303 198 1453 226 nssovm
1489 198 1620 226 nAciss
1684 188 1762 227 115

919 309 958 370 S

119 419 206 460 hoc
237 417 382 458 obieci
415 418 594 469 intuitu,
627 421 688 470 ut,
721 417 844 472 quod
877 416 957 457 toti
992 417 1117 470 prius
1148 429 1287 469 regno
1321 418 1504 471 patebat
1536 419 1761 471 peruium,

119 503 254 542 nunc,
302 490 421 531 muri
467 490 705 531 obstaculo
753 493 889 530 strata
938 489 1200 530 comminus
1247 490 1493 542 obstructa,
1546 495 1761 531 exeuntes

118 566 245 617 porta
279 562 491 603 cohibeat
521 562 858 614 angustissima.
914 562 1096 615 Quippe
1128 574 1232 602 cum
1267 562 1444 602 domini
1478 563 1564 604 mei
1600 567 1759 604 uotum

118 634 310 676 fideliter
362 635 626 688 expleuero,
688 647 851 688 meque
908 634 1134 675 uoluntati
1189 638 1337 675 uestre
1383 636 1761 686 accomodauero,

117 707 353 749 communi
393 707 623 760 exercitui,
670 720 807 760 quem
846 706 991 759 gentis
1032 710 1185 748 nostre
1225 706 1386 747 seuitia
1428 708 1586 760 procul
1619 708 1760 748 dubio

117 780 162 821 in
209 793 281 820 me
327 779 544 833 armabit,
602 779 904 834 persequendi
951 793 1036 820 nos
1082 782 1282 832 potestas
1327 779 1440 819 tanti
1488 780 1760 821 munimenti

116 851 295 893 obiectu
343 851 473 893 facile
514 851 770 893 adimitur.«
836 852 939 903 Quo
986 855 1172 904 accepto
1219 855 1311 891 tam
1358 851 1547 892 illustris
1594 852 1761 893 femine

117 924 346 965 solertiam
386 924 553 978 pariter
590 937 643 965 ac
686 924 949 965 facundiam
984 923 1115 976 legati
1149 923 1320 977 oppido
1352 925 1760 973 commendabant3

117 1000 157 1038 et
186 996 277 1037 iam
311 997 366 1037 de
398 1000 507 1037 uoto
541 997 686 1037 securi
720 997 887 1037 hilares
920 997 977 1037 ad
1010 995 1194 1049 propria
1226 996 1519 1049 repedabant.
1587 997 1760 1038 Interea

115 1069 269 1121 regina
301 1068 427 1123 operi
460 1069 674 1110 inchoato
708 1068 1027 1110 uehementius
1062 1068 1278 1117 instabat;
1326 1068 1481 1122 sicque
1513 1069 1759 1110 Teotonice

115 1141 363 1194 turgiditati
397 1141 598 1182 mulieris
631 1142 772 1182 illusit
803 1141 982 1182 astutia.
1032 1141 1231 1182 Euoluto
1264 1145 1417 1182 autem
1449 1141 1587 1182 trium
1619 1155 1758 1183 anno-

116 1227 217 1254 rum
265 1214 411 1267 spatio
457 1214 682 1266 ingeniosi
728 1214 878 1267 operis
925 1218 1164 1266 structura,
1217 1214 1574 1267 propugnaculis
1620 1227 1757 1268 quam

116 1287 325 1327 decenter
356 1286 542 1337 ornatis,
576 1286 756 1340 penitus
789 1290 1108 1326 consummata
1143 1290 1219 1327 est.
1274 1287 1356 1328 Cui
1390 1300 1559 1328 nomen
1593 1287 1760 1340 posteri

115 1358 392 1411 indiderunt,
426 1358 702 1399 Danaewirki
735 1363 1069 1412 nuncupantes,
1102 1372 1154 1400 eo
1187 1360 1310 1414 quod
1330 1360 1568 1400 Danorum
1594 1361 1760 1400 sudore

117 1435 345 1484 patratum
386 1434 853 1484 consummatumque
892 1431 1106 1482 extiterit:
1152 1432 1355 1484 reginam
1400 1445 1509 1472 uero
1542 1432 1759 1485 Thyram‚

117 1503 247 1544 cuius
278 1503 460 1556 ingenio
495 1504 731 1543 Danorum
765 1507 806 1543 et
838 1507 966 1556 parta
999 1509 1040 1544 et
1071 1508 1202 1544 aucta
1237 1504 1436 1557 libertas,
1478 1517 1570 1545 non
1604 1504 1761 1545 imme-

117 1575 201 1616 rito
233 1576 398 1616 ‘Decus
431 1576 580 1617 Dacie'
614 1575 929 1616 nominabant.

810 1845 934 1887 CAP.
968 1846 1065 1887 VII.

210 1917 340 1996 Nec
370 1965 514 2005 mora,
547 1952 713 1992 electos
743 1951 924 2005 imperii
957 1952 1122 1993 milites
1155 1953 1211 1993 ad
1239 1952 1427 1992 Daciam
1456 1964 1558 1992 cum
1590 1951 1759 2004 ingenti

117 2037 286 2078 pompa
325 2025 572 2078 imperator
610 2024 737 2064 iubet
774 2024 821 2064 in
860 2037 1104 2065 occursum
1142 2024 1295 2076 regine
1327 2023 1568 2077 proficisci.
1631 2024 1759 2074 Quos

117 2095 284 2149 ingenti
327 2096 528 2150 tripudio
561 2100 685 2137 cetus
719 2097 962 2137 comitatur
993 2097 1269 2137 histrionum
1302 2096 1348 2136 in
1381 2096 1514 2148 fiolis,
1561 2096 1759 2147 citharis,

65 2203 70 2208 .
117 2169 268 2209 choris
309 2173 351 2209 et
389 2169 621 2222 tympanis
661 2169 963 2210 modulantes.
1027 2169 1117 2219 Qui
1163 2169 1287 2209 iuxta
1328 2168 1544 2209 Eidoram
1592 2169 1760 2209 metitis

51 2464 92 2495 25

116 2241 320 2282 tentoriis
352 2242 605 2282 aduentum
636 2241 759 2281 illius
792 2242 1173 2294 prestolabantur,
1213 2242 1269 2281 ad
1305 2241 1495 2282 Daciam
1528 2241 1687 2294 paucis
1719 2245 1759 2282 et

117 2313 371 2366 potioribus
403 2313 633 2365 delegatis,
666 2313 743 2367 qui
775 2313 927 2366 regine
960 2314 1244 2354 uoluntatem
1279 2313 1577 2366 explorarent.
1639 2313 1759 2364 Quo-

117 2398 218 2426 rum
259 2398 363 2426 cum
404 2386 656 2426 aduentum
689 2386 843 2439 Thyra
883 2385 1193 2439 comperisset,
1240 2385 1469 2426 accersitis
1510 2386 1596 2425 sibi
1633 2386 1759 2438 regni

117 2457 187 2497 sui
224 2457 336 2498 uiris
375 2458 742 2511 sapientioribus,
782 2458 826 2498 in
866 2457 1102 2498 communi
1142 2470 1219 2498 eos
1258 2457 1489 2498 audientia
1524 2457 1589 2498 sic
1622 2457 1757 2497 affata

117 2530 370 2583 respondit:
408 2530 567 2580 »Quod
601 2529 735 2582 exigit
766 2530 1027 2583 imperator,
1059 2542 1225 2580 renuo3
1257 2530 1381 2584 quod
1407 2529 1544 2583 cupit,
1576 2541 1758 2579 recusog

118 2602 240 2655 quod
279 2602 472 2654 affectat,
518 2602 686 2654 deuito,
733 2616 789 2643 ne
828 2602 966 2642 simul
1006 2606 1047 2641 et
1087 2601 1278 2654 profuga
1311 2605 1352 2642 et
1383 2602 1588 2642 adultera
1620 2613 1758 2653 regno

118 2672 281 2714 faciam
314 2674 625 2727 opprobrium,
659 2674 786 2714 sexui
819 2673 1159 2724 uerecundiam,
1193 2674 1388 2715 subditis
1413 2673 1757 2727 improperium.

120 2745 235 2786 Nam
275 2747 396 2799 quod
435 2746 552 2798 regis
590 2750 631 2786 et
670 2746 820 2787 mariti
862 2746 951 2786 mei
990 2745 1214 2785 desidiam
1257 2746 1369 2786 mihi
1408 2745 1617 2797 obiicitis,
1665 2758 1756 2785 non

9 2825 15 2830 “
53 2827 94 2859 30
120 2820 203 2869 est,
257 2819 380 2871 quod
427 2818 542 2859 mihi
586 2818 632 2859 id
679 2817 914 2858 aduersari
961 2817 1247 2866 existimetis,
1304 2830 1408 2858 cum
1457 2819 1570 2858 meis
1618 2817 1759 2858 solius

118 2919 213 2970 (pro
253 2908 490 2972 hisionum).
581 2924 645 2960 22.
679 2924 799 2960 chori
832 2926 870 2959 et
901 2927 1114 2969 tympana,
1159 2923 1230 2969 cfr.
1264 2923 1390 2959 Eaeod.
1426 2923 1487 2967 15,
1507 2922 1580 2966 ⁶20,-
1625 2922 1755 2958 Judic.

123 2978 184 3024 11,
204 2978 274 3024 34;
304 2980 454 3016 Psalm.
488 2981 722 3027 150,3sqq.
794 2980 995 3039 meritis.⁴
1029 2980 1093 3016 23.
1120 2983 1169 3016 et.
1231 2980 1296 3017 26.
1330 2980 1445 3016 iuris.
1509 2980 1574 3016 27.
1608 2990 1758 3015 renun-

120 3045 188 3084 tio.
263 3048 328 3085 29.
360 3048 599 3096 imperium.
677 3049 741 3086 30.
774 3049 816 3084 in
848 3046 945 3098 (pro
976 3041 1040 3096 ὦ).

1509 3115 1552 3146 8*
