2150 3584
379 187 533 216 senii-:s
566 187 619 215 Ac
652 186 847 216 BHEVlOR
882 186 1093 215 nis'roiuA
1129 187 1277 215 REGVM
1313 187 1449 215 DANJE
1662 176 1739 216 165

102 302 301 346 Heideba
357 313 439 342 ,xv.
495 300 620 341 milia
676 311 961 354 paganorum
1017 300 1193 340 occidit.
1289 300 1378 340 Pax
1441 301 1613 342 reddita
1676 306 1740 342 est

101 373 381 418 Christianis.

181 448 247 489 66.
287 446 467 487 Sueno
502 446 759 497 Magnus,
793 458 934 497 nepos
970 444 1136 485 Kanuti
1170 445 1310 485 Senis.
1376 445 1461 485 Hie
1492 450 1586 485 erat
1620 446 1740 486 filius

98 519 174 562 Vlf
206 518 337 560 ducis
375 522 417 558 et
458 518 720 569 Margarete‚
768 529 854 571 que
902 521 995 557 erat
1042 529 1170 557 soror
1218 517 1383 557 Kanuti
1434 517 1560 568 regis.
1624 517 1737 559 Cum

101 593 263 645 Magno
310 590 452 631 multa
500 589 640 643 prelia
686 589 834 642 gessit.
917 589 1125 629 Tandem
1172 589 1319 629 vietus
1366 589 1517 630 Sueno
1567 589 1786 640 fugienss

98 663 216 706 venit
273 663 328 703 ad
376 662 624 713 Jacohum,
686 673 833 714 regem
884 662 1138 710 Sueonum;
1198 661 1330 702 cuius
1385 662 1524 701 fultus
1571 662 1740 703 auxilio

98 747 284 789 regnum
331 738 539 788 repetens
586 738 765 788 patruni
816 747 1005 774 suorum
1046 735 1263 786 Magnum
1310 747 1333 774 a
1377 733 1522 773 Dania
1556 735 1739 787 expulit.

99 809 187 861 Qui
225 809 377 850 denuo
417 807 588 848 bellum
622 806 885 847 instaurans
917 806 961 846 in
996 806 1196 846 nauibus
1228 806 1352 858 obijt.
1416 806 1567 846 Sueno
1600 806 1742 847 victor

99 881 291 923 existens
337 879 546 932 Angliam
593 891 698 919 eum
746 879 942 919 exercitu
991 878 1114 932 adijt.
1207 879 1293 919 Sed
1342 878 1618 929 Edwardus,
1676 879 1742 919 vir

99 956 281 995 sanctus
321 956 363 993 et
400 951 560 1003 iustus,
608 964 766 1004 pacem
809 936 997 1005 <mc19is>
1037 950 1207 1003 eligens
1254 963 1394 1004 quam
1440 950 1609 990 bellum
1651 950 1740 1001 regi

100 1026 334 1067 Danorum
381 1024 604 1065 tributum
652 1023 816 1064 obtulit
857 1027 899 1064 et
938 1023 1090 1077 ipsum
1133 1027 1236 1076 post
1277 1036 1322 1063 se
1361 1022 1485 1073 regni
1527 1023 1739 1062 heredem

99 1097 212 1139 fecit.
275 1096 348 1138 Sic
379 1096 530 1137 Sueno
562 1096 647 1137 tria
679 1107 816 1149 regna
847 1095 1058 1148 obtinuit,
1100 1096 1341 1146 Danicum,
1376 1094 1740 1135 Nol-mannicum

100 1174 140 1211 et
169 1169 424 1222 Anglieum.

181 1244 248 1284 67.
298 1241 531 1293 Harald,
564 1241 686 1282 filius
719 1240 958 1282 Suenonis.

182 1316 249 1356 68.
299 1315 551 1355 Kanutus
594 1313 851 1367 Sanctus,
898 1313 1016 1354 alius
1055 1313 1176 1353 filius
1218 1313 1326 1353 eius.
1392 1312 1477 1353 Hic
1509 1312 1685 1364 fugiens
1716 1325 1740 1352 a

98 1388 219 1430 Jutia
266 1387 312 1428 in
355 1387 568 1427 Fiuniam
608 1386 787 1428 occisus
828 1390 894 1427 est
932 1385 978 1426 in
1020 1385 1236 1437 Othense,
1284 1385 1329 1425 in
1370 1384 1558 1426 ecelesia
1599 1385 1740 1425 saneti

99 1460 263 1501 Albani
294 1459 519 1513 martyris.

183 1534 249 1574 69.
297 1533 535 1584 Olauus,
581 1531 739 1573 tertius
785 1531 908 1572 filius
954 1531 1064 1572 eius.
1154 1531 1303 1571 Huius
1348 1535 1553 1583 tempore
1600 1529 1741 1570 fames

99 1606 346 1646 vehemens
384 1604 469 1645 fuit
505 1604 551 1645 in
586 1604 740 1645 Dacia.
805 1604 890 1645 Hic
931 1603 1169 1644 subitanea
1212 1607 1356 1643 morte
1388 1602 1631 1644 defunctus
1664 1607 1740 1643 est.

184 1679 249 1719 70.
313 1677 546 1718 Hericus
594 1676 854 1730 CypriuS‚
910 1689 987 1717 1111.
1042 1675 1164 1716 filius
1219 1675 1328 1716 eius.
1421 1675 1506 1716 Hie
1560 1679 1743 1729 propter

100 1749 401 1792 homicidium
447 1760 630 1804 peregre
677 1749 906 1803 profectus
947 1748 1310 1801 lherosolymam
1358 1748 1471 1802 obijt
1509 1748 1554 1787 in
1592 1747 1742 1788 insula

101 1823 314 1878 quadam,
346 1836 434 1876 que
465 1826 656 1863 vocatur
688 1822 851 1875 Kyber.

185 1897 250 1936 71.
296 1894 632 1948 Nicholaus,
678 1907 717 1934 v.
764 1893 886 1934 filius
924 1894 1033 1935 eius.
1098 1893 1184 1934 Hic
1225 1893 1403 1945 fugiens
1442 1907 1467 1935 a
1501 1891 1663 1933 Scania
1696 1891 1741 1932 in

100 1967 271 2009 Jutiam
304 1967 483 2009 occisus
514 1971 581 2008 est
612 1967 657 2007 in
692 1966 924 2006 Hethubu.

185 2042 250 2081 72.
298 2039 434 2081 Eric
476 2040 672 2090 Emun,
720 2038 843 2079 filius
885 2039 1006 2079 Erici
1046 2038 1214 2092 Cyprii.
1279 2037 1363 2077 Hie
1404 2037 1558 2077 audita
1599 2041 1743 2077 morte
1795 2047 1808 2056 ⁷

100 2112 247 2153 fratris
292 2112 363 2153 sui
409 2111 553 2153 saneti
597 2111 765 2152 Kanuti
811 2111 922 2163 fugit
964 2111 1009 2151 in
1050 2110 1352 2162 Norwegiam.
1417 2109 1579 2149 Denuo
1621 2109 1741 2149 idem

100 2197 308 2226 reuersus
353 2185 400 2225 in
441 2184 638 2225 Daniam
677 2196 783 2224 cum
826 2184 990 2234 Magno
1040 2181 1250 2223 Nicholai
1297 2181 1411 2233 regis
1458 2181 1552 2221 filio
1602 2182 1743 2221 multa

102 2256 240 2310 prelia
271 2257 418 2310 gessit.
479 2257 547 2297 Ad
586 2256 799 2296 ultimum
843 2268 946 2296 eum
990 2256 1036 2295 in
1070 2254 1233 2295 Seania
1266 2266 1370 2294 eum
1404 2265 1481 2293 1111.
1516 2253 1743 2306 episeopis

102 2333 144 2369 et
173 2341 278 2370 eum
310 2330 455 2370 multo
488 2328 685 2370 exercitu
718 2328 883 2369 oceidit
914 2328 958 2367 in
994 2328 1108 2378 loco,
1147 2326 1226 2380 qui
1258 2329 1447 2366 vocatur
1480 2326 1514 2365 F
1518 2325 1665 2377 otwie,
1703 2329 1744 2365 et

104 2401 376 2443 Nicholaum
407 2413 557 2454 regem
591 2400 779 2452 fugauit,
826 2400 903 2454 qui
946 2403 1099 2453 postea
1134 2398 1180 2438 in
1216 2398 1433 2439 Hethubu
1467 2397 1645 2438 occisus
1678 2401 1742 2437 est

103 2486 126 2513 a
158 2473 350 2515 ciuibus.
399 2475 500 2527 Ipse
531 2486 638 2514 vero
667 2472 858 2513 Hericus
890 2472 1185 2525 postmodum
1220 2471 1398 2510 occisus
1430 2474 1494 2510 est
1527 2470 1571 2509 in
1604 2469 1741 2510 Jutia.

189 2587 222 2622 1.
257 2586 454 2633 Heydeba
488 2587 531 2623 P.
609 2585 631 2621 3
661 2596 744 2631 sqq.
776 2595 826 2620 ex
854 2582 1006 2619 Adami
1037 2581 1099 2618 lib.
1131 2582 1179 2627 II,
1214 2582 1274 2618 52.
1310 2581 1380 2627 74,·
1426 2581 1490 2618 lib.
1524 2581 1591 2625 III,
1628 2581 1675 2616 11
1710 2583 1746 2616 el

107 2641 250 2679 Chron.
283 2643 402 2680 Rosk.
434 2654 548 2689 capp.
588 2642 662 2678 VII.
695 2642 756 2677 IX.
847 2642 880 2676 4.
927 2640 1010 2675 Vlff
1049 2640 1090 2675 P.
1185 2639 1263 2675 Hic
1301 2642 1394 2675 ante
1431 2650 1526 2675 cuni
1566 2638 1658 2675 add.
1699 2639 1741 2675 P.

106 2700 139 2735 9.
172 2700 393 2736 Eduardus
426 2701 468 2736 P.
560 2701 622 2736 10.
655 2699 785 2745 magis
816 2697 965 2734 addidi.
1059 2697 1119 2732 12.
1157 2698 1249 2742 post
1279 2696 1416 2732 Sueno
1457 2696 1497 2731 in
1540 2696 1570 2730 P
1611 2697 1745 2732 victor

106 2756 282 2793 existens
313 2757 487 2793 additur.
551 2758 610 2792 14.
647 2756 856 2792 Haraldus
881 2755 922 2790 P.
988 2754 1152 2790 15—16.
1187 2764 1209 2788 a
1234 2754 1344 2789 Jutia
1378 2757 1464 2794 etc..
1495 2752 1567 2798 cfr.
1598 2752 1742 2788 Chr-on.

107 2811 222 2850 Roslc.
246 2825 331 2861 cap.
357 2814 398 2851 X.
462 2815 523 2851 19.
560 2813 674 2849 Datia
696 2814 737 2848 P.
807 2812 1025 2848 subitanea
1053 2813 1197 2848 morte.
1229 2810 1298 2855 cfr.
1325 2809 1432 2846 Saxo
1453 2821 1493 2856 ρ.
1523 2809 1612 2851 600,
1633 2809 1657 2845 2
1677 2808 1743 2844 M:

107 2869 278 2907 celerem
306 2871 376 2907 fati
401 2871 509 2907 viam
536 2870 727 2906 obtinuit.
789 2869 955 2905 20—21.
989 2869 1030 2903 49
1056 2868 1096 2907 Ρ,
1128 2878 1151 2902 α
1184 2878 1263 2913 quo
1294 2867 1436 2902 deinde.
1459 2866 1599 2902 omnia
1626 2865 1743 2902 verba

108 2927 206 2963 eius.
255 2928 542 2975 Hic..Kyber
573 2926 732 2971 absunt,
781 2926 871 2962 ilem
905 2925 1059 2961 23-24
1100 2924 1199 2960 cius.
1249 2923 1607 2961 Hic..Hethubu.
1652 2924 1742 2958 ilem

109 2983 255 3020 25—31
285 2985 395 3021 filius
414 2985 522 3021 Erici
542 3015 548 3020 .
568 3014 573 3021 .
593 2985 633 3020 in
652 2984 775 3025 jutia,
808 2983 898 3018 ilem
923 2983 1011 3022 166,
1034 2983 1047 3016 1
1082 2981 1191 3018 filius
1211 3010 1217 3016 .
1236 3010 1242 3016 .
1261 2981 1414 3029 Cyprii.
1463 2981 1525 3017 25.
1552 2981 1691 3029 Cyprii
1713 2980 1742 3017 Α

107 3039 201 3089 (non
234 3042 412 3092 Cyprici‚
445 3043 486 3080 ιιί
517 3040 636 3080 habet
665 3038 905 3089 Lmaeyebek).

1771 958 1810 987 10

1772 1321 1809 1352 15

1769 1684 1810 1715 20

1767 2406 1810 2437 30
