2150 3584
498 209 791 238 εοΜΡΕΝοινΜ
826 209 1024 237 SAXONis.
1075 209 1156 237 Lm.
1191 209 1232 235 vi
1603 197 1685 235 285

42 327 174 367 batur
204 337 229 364 a
262 327 378 364 terra
407 323 625 364 continua
653 322 844 362 flumine
869 322 1184 375 rapacissimo,
1217 326 1352 376 atque
1377 336 1400 362 a
1423 322 1685 362 municione

41 409 176 450 super
221 408 390 450 aquam
437 407 581 448 vsque
627 396 683 435 ad
733 399 895 435 terram
946 394 1143 434 fecerant
1189 399 1372 447 pontem
1422 394 1684 444 volubilem,

41 469 117 524 qui
150 468 319 509 demitti
353 472 395 508 et
425 467 593 508 retrahi
628 467 814 507 funibus
848 471 1010 519 posset.
1062 467 1236 507 Horum
1265 480 1380 506 vnus
1410 467 1543 507 Biorn
1572 466 1684 507 ‹lice-

43 542 194 589 batur,
241 540 402 581 habuit
444 553 612 593 equum
654 543 966 592 prepotentem
1002 538 1197 590 viribus,
1243 539 1320 593 qui
1354 540 1479 579 solus
1514 539 1682 579 numen

41 617 216 669 poterat
248 616 449 659 enatare;
493 612 653 653 habuit
685 611 829 652 eciam
863 624 1022 652 canem
1060 611 1271 652 inusitate
1305 611 1566 661 ferocitatis,
1607 612 1684 665 qui
1712 618 1730 646 5

41 685 289 740 aliquando
323 697 408 726 ‚x11.
443 684 565 725 viros
599 684 735 724 simul
768 683 1006 737 oppressit.
1072 684 1146 724 Isti
1182 697 1290 736 .x11.,
1337 697 1389 724 ex
1432 684 1685 736 improuiso

41 771 176 812 super
210 757 474 798 Fridleuum
508 757 762 807 irruentes,
797 757 855 796 ab
901 769 953 796 eo
992 756 1096 797 victi
1137 757 1191 796 ad
1238 755 1549 796 municionem
1595 760 1683 796 tam

42 830 200 871 festine
243 830 528 882 refugerunt,
575 833 622 870 vt
667 842 812 882 equus
847 828 1089 869 Biornonis
1130 828 1239 869 citra
1276 828 1470 868 fluuium
1505 828 1687 869 relictus

41 906 167 944 esset.
213 903 344 942 Tunc
362 901 605 942 Fridleuus
629 901 852 955 promisit,
885 905 943 953 vt,
977 901 1241 955 quicunque
1274 900 1473 954 aliquem
1502 901 1684 941 illorum

42 987 127 1016 .xn.
160 974 407 1027 occideret,
440 974 576 1015 occisi
610 986 777 1027 corpus
810 987 922 1014 auro
955 977 1228 1027 repensaret.
1305 972 1480 1013 Incitati
1515 973 1687 1025 pugiles
1717 981 1755 1010 10

42 1029 174 1098 (eius)
217 1050 342 1087 tanto
384 1060 572 1087 munere
614 1047 771 1087 cedem
812 1046 996 1087 illorum
1038 1046 1360 1099 promiserunt.
1438 1046 1520 1085 Sed
1564 1046 1688 1085 Frid-

42 1120 171 1160 leuus
203 1119 410 1172 sequenti
444 1123 574 1159 nocte
606 1131 711 1159 cum
745 1132 835 1159 vno
867 1123 1045 1159 tantum
1080 1118 1205 1159 socio
1237 1119 1293 1158 ad
1323 1118 1519 1158 fluuium
1554 1117 1688 1167 venit,

42 1192 117 1233 vbi
165 1191 341 1232 socium
388 1192 645 1245 frequenter
690 1192 888 1231 tundens
935 1192 990 1231 ad
1041 1191 1213 1231 silicem
1262 1190 1505 1239 interfecit3
1558 1190 1687 1230 cuius

41 1268 185 1305 vestes
230 1264 316 1305 sibi
362 1277 603 1305 assumens
650 1263 801 1317 ipsum
851 1263 944 1304 suis
992 1263 1163 1314 induit,
1221 1263 1375 1316 sicque
1430 1263 1486 1302 ad
1546 1275 1689 1317 aquas

43 1336 243 1391 proiecit,
290 1341 337 1377 vt
381 1336 570 1377 inuento
618 1348 807 1390 corpore
854 1349 930 1376 rex
978 1335 1147 1389 perisse
1194 1336 1470 1383 crederetur,
1517 1349 1685 1389 equum
1717 1342 1755 1373 15

43 1410 201 1462 eciam,
232 1409 306 1450 cui
337 1409 579 1460 insederat,
620 1421 780 1449 cruore
813 1408 1085 1462 conspersit,
1132 1412 1177 1447 vt
1221 1408 1380 1448 mortis
1413 1422 1492 1448 sue
1525 1409 1687 1449 faceret

43 1482 194 1523 fidem.
257 1482 432 1523 Deinde
465 1481 708 1522 Biornonis
741 1494 858 1534 equo
891 1480 1096 1521 insidens
1131 1480 1325 1520 lluuium
1359 1481 1583 1532 transmit,
1629 1485 1689 1521 at-

43 1567 130 1608 que
176 1553 487 1595 municionem
537 1554 789 1594 ascendens
836 1554 922 1594 sub
962 1554 1162 1606 quadam
1204 1553 1431 1593 testudine
1470 1553 1687 1593 latitabat.

45 1627 225 1667 Fratres
257 1630 410 1667 autem
443 1625 634 1679 predicti
666 1625 999 1667 comessacioni
1030 1626 1270 1678 vacabant,
1319 1626 1466 1666 securi
1508 1630 1691 1678 propter

43 1698 266 1752 impetum
299 1697 445 1751 fluuij,
478 1711 614 1752 quem
647 1697 959 1739 immeabilem
985 1698 1271 1739 estimabant.
1336 1698 1504 1739 Biorno
1537 1702 1688 1738 autem
1716 1705 1758 1735 20

44 1783 227 1811 narrare
269 1770 386 1824 cepit
427 1771 692 1824 sompnium
735 1785 893 1822 suum,
940 1772 1061 1824 quod
1105 1771 1291 1811 vidisset
1333 1771 1516 1811 beluam
1549 1775 1690 1811 trans-

44 1847 224 1884 natasse
255 1843 467 1896 fluuium,
497 1837 587 1897 que
619 1843 774 1884 omnia
808 1843 1021 1884 incendio
1051 1844 1373 1893 consumebat3
1406 1843 1690 1897 monuitque,

44 1919 90 1956 vt
120 1915 309 1956 dimissa
342 1915 582 1957 securitate
609 1916 936 1968 inuestigarent
967 1929 1047 1969 per
1078 1916 1292 1966 insulam,
1326 1916 1361 1956 si
1395 1915 1507 1956 forte
1540 1915 1690 1969 alique

44 1987 206 2029 insidie
238 2001 331 2028 non
363 1988 621 2029 intrassent.
670 1988 956 2042 Inquirentes
987 1989 1122 2041 igitur
1148 1988 1423 2028 inuenerunt
1445 1988 1688 2035 caballum,

134 2152 165 2187 1.
196 2151 397 2188 continuo
429 2152 474 2195 A,
521 2162 598 2188 om.
640 2152 824 2189 flumine.
916 2152 1047 2188 fluuio
1089 2151 1358 2197 rapidissimo
1391 2151 1419 2187 S
1458 2150 1517 2199 (ut
1554 2149 1687 2199 Saxo).

48 2208 81 2244 2.
119 2219 248 2255 super
286 2208 468 2245 assinam
483 2206 523 2256 (1)
561 2210 604 2244 A.
695 2209 883 2245 fecerunt
922 2209 997 2245 AS.
1090 2209 1124 2245 3.
1164 2209 1316 2244 dimitti
1357 2209 1479 2252 codd,
1521 2209 1687 2244 correxi.

45 2266 157 2302 Vnus
189 2267 342 2302 horum
366 2266 443 2302 AS.
507 2267 659 2302 horum
693 2267 915 2302 duodecim
950 2267 991 2302 A.
1054 2267 1187 2312 byorn
1221 2267 1266 2308 A,
1299 2269 1341 2301 ul
1370 2266 1529 2311 soepius,
1563 2266 1687 2301 eciam

47 2322 86 2358 in
119 2324 254 2359 ceteris
284 2322 397 2359 codd.
473 2324 509 2359 4.
544 2323 722 2359 fluuium
754 2324 868 2360 VAS.
956 2325 990 2359 5.
1024 2325 1159 2369 potuit
1190 2322 1266 2371 (vel
1298 2321 1465 2371 poterit)
1495 2324 1538 2358 A.
1619 2323 1689 2369 qui

47 2380 304 2427 (aliquando)
326 2380 458 2425 codd,
490 2391 584 2426 quae
611 2381 796 2427 (saepius)
822 2380 942 2417 Saxo.
1007 2382 1042 2419 6.
1071 2380 1195 2416 simul
1219 2391 1315 2426 opp.
1343 2381 1431 2419 DV2
1464 2391 1688 2427 superopp.

49 2437 110 2473 AS
126 2437 229 2481 (sola
247 2448 342 2485 opp.
360 2437 491 2482 Saxo).
552 2439 587 2474 8.
609 2437 846 2484 refugerent
862 2438 937 2473 AS.
999 2438 1271 2477 biornoneV;
1296 2438 1456 2473 biornis
1475 2437 1518 2472 A.
1579 2437 1688 2473 circa

49 2493 76 2529 S
99 2496 149 2538 (et
168 2494 258 2539 fort.
277 2495 336 2539 A).
397 2495 622 2531 derelictus
641 2493 698 2530 82.
764 2496 823 2530 10.
843 2505 922 2531 ,xi1.
941 2506 1017 2530 om.
1038 2495 1112 2531 AS.
1173 2495 1301 2530 occisi
1320 2506 1397 2530 om.
1415 2495 1458 2530 A.
1522 2495 1582 2529 11.
1602 2495 1690 2529 eius

49 2553 115 2596 (e9)
153 2552 294 2588 addidi
330 2551 447 2601 (regii
478 2549 611 2599 Saxo).
691 2553 750 2588 12.
792 2563 917 2598 supra
957 2552 1072 2587 socio
1115 2551 1152 2587 in
1187 2552 1220 2586 V
1263 2562 1411 2587 manus
1451 2552 1532 2587 alia
1569 2553 1587 2586 s:
1624 2553 1690 2586 suo

47 2608 226 2654 scripsit;
279 2610 404 2645 voluit
447 2610 533 2644 sine
577 2606 700 2644 dubio
749 2610 768 2645 l':
817 2607 906 2644 squo
936 2612 1014 2653 st:
1037 2609 1196 2645 scilicet
1241 2611 1398 2651 seruo),
1447 2611 1483 2644 et
1526 2619 1688 2643 seruum

48 2662 229 2702 Fridleui
258 2667 413 2702 socium
446 2666 507 2702 vel
536 2665 720 2702 comitem
751 2666 876 2711 fuisse
903 2666 1023 2701 etiam
1048 2666 1156 2702 Saxo
1187 2666 1290 2701 dicit.
1358 2666 1416 2701 13.
1449 2665 1691 2711 frequenter

48 2732 125 2758 om.
154 2722 231 2759 AS.
309 2724 461 2760 cedens
486 2723 563 2759 AS.
630 2724 691 2759 16.
722 2723 935 2759 incederat
968 2723 1012 2758 D.
1073 2723 1311 2769 consparsit
1343 2723 1381 2758 S.
1448 2723 1506 2757 17.
1540 2722 1689 2757 biorno

50 2778 102 2823 D,
145 2780 213 2815 sed
259 2781 434 2816 mutauit
479 2780 518 2816 in
567 2779 766 2827 frithleuo
798 2779 889 2825 fort.
939 2778 1001 2816 D2.
1105 2791 1214 2826 equo
1262 2779 1350 2825 DA,
1410 2791 1564 2825 equum
1613 2779 1688 2814 VS.

34 2835 242 2878 ‚insedens
274 2837 327 2882 A,
358 2838 548 2873 incidens
583 2837 626 2873 D.
717 2837 990 2883 pertransiuit
1021 2837 1096 2872 AS.
1184 2837 1247 2872 20.
1280 2837 1472 2883 impituni
1507 2837 1552 2874 D.
1583 2836 1691 2881 quod

51 2902 156 2929 man.
189 2904 262 2930 rec,
295 2895 336 2930 in
377 2895 536 2930 rabiem
569 2894 753 2929 mutauit.
845 2895 907 2929 21.
940 2905 1166 2940 sumpnum
1202 2894 1245 2929 D.
1337 2894 1399 2929 23.
1432 2893 1606 2929 dimisso
1638 2893 1689 2933 A;

50 2949 271 2996 diuisim(!)
316 2951 356 2988 S.
453 2951 724 2997 inuestigaret
769 2951 814 2987 A.
907 2951 1073 2987 23—24.
1121 2951 1153 2986 si
1201 2950 1329 2996 aliqui
1377 2950 1556 2986 insulam
1606 2961 1687 2986 non

49 3005 320 3044 intrauissent
365 3008 410 3052 S;
462 3009 496 3044 si
543 3008 672 3054 aliqui
719 3008 899 3044 insulam
948 3008 1174 3044 intrassent
1220 3007 1264 3043 A.
1369 3008 1432 3043 24.
1479 3010 1616 3043 autem
1657 3008 1688 3042 A

52 3064 144 3109 (pro
174 3064 322 3111 igitur).
397 3066 597 3102 iuuerunt
629 3065 675 3102 D.
