2150 3584
338 1027 376 1057 10

340 1387 378 1416 15

342 2470 383 2497 :50

408 245 483 283 190
743 254 1016 282 scanOREs
1050 253 1274 280 ffls‘rofflffi
1307 252 1481 279 DANJCAE
1515 252 1712 280 MlNonEs

404 382 507 409 cum
562 381 613 407 ex
661 367 877 407 omnibus
916 367 1088 407 diuitiis
1136 366 1362 418 regalibus
1410 365 1549 406 nichil
1596 365 1795 418 amplius
1842 366 2041 415 haberet,

404 440 668 481 diffibulans
703 453 748 480 se
781 440 972 480 eandem
1006 439 1195 479 fibulam
1230 451 1414 478 auream
1450 442 1491 477 et
1522 437 1740 488 tunicam⁷
1772 451 1863 492 qua
1888 438 2043 478 indue-

404 513 548 560 batur,
575 512 782 552 vltimam
802 511 1107 567 elemosinam
1135 511 1325 551 daturus
1351 510 1572 550 sacerdoti
1598 510 1826 562 sepedicto
1843 509 2042 557 tradidit,

403 584 538 623 simul
572 597 618 624 se
650 585 746 625 eius
779 583 1063 624 orationibus
1095 583 1440 631 commendans,
1473 581 1676 621 animam
1711 585 1860 622 autem
1888 581 2043 622 diuine

403 656 639 696 clementie
671 657 983 696 transmittens
1018 655 1220 707 bonitati,
1268 655 1464 694 innuens
1510 658 1761 694 memorato
1794 654 2043 694 confessori

403 742 499 778 suo,
534 732 578 767 vt
610 729 724 769 clam
761 729 936 780 fugiens
968 740 1103 768 cursu
1138 740 1184 767 se
1214 727 1343 767 celeri
1372 726 1648 766 absentaret:
1683 727 1805 779 quod
1834 730 1875 766 et
1898 726 2044 766 facere

403 813 492 840 non
534 800 718 840 distulit.
785 801 864 840 His
906 800 966 840 ita
1006 800 1192 840 feliciter
1232 798 1438 851 peractis,
1488 811 1613 838 mora
1655 798 1851 851 seposita
1892 797 2042 839 statim

403 872 570 912 adsunt
618 872 811 913 ministri
858 871 1049 912 diaboli:
1098 871 1270 925 absque
1312 871 1399 911 vlla
1444 871 1764 924 compassione
1810 870 2043 911 victimam

402 945 577 985 domini
625 945 745 985 senis
792 944 1007 985 manibus
1054 944 1280 996 rapientes
1327 947 1368 983 et
1413 943 1530 983 intra
1577 956 1743 983 nauem
1785 943 2046 983 indecenter

402 1017 632 1057 trahentes
678 1017 753 1056 vni
801 1030 958 1057 eorum
1005 1016 1163 1056 iubent
1210 1016 1407 1056 hostiam
1450 1015 1733 1056 dominicam
1774 1015 2045 1056 decollando

404 1088 648 1129 victimare.
727 1090 780 1128 At
817 1088 904 1135 ille,
952 1088 1113 1128 timore
1154 1088 1416 1141 perterritus
1462 1087 1815 1142 aliquantulum,
1862 1100 1909 1127 se
1952 1091 2046 1127 tan-

404 1173 541 1214 quam
574 1161 652 1200 tali
685 1174 818 1214 opere
851 1160 1090 1212 indignum
1126 1161 1273 1213 primo
1313 1159 1432 1212 cepit
1471 1160 1582 1200 velle
1623 1160 1882 1210 absoluere3
1928 1163 2047 1213 post-

403 1245 541 1285 quam
561 1236 711 1273 autem
731 1232 1068 1285 promitteretur
1085 1232 1123 1272 ei
1144 1231 1351 1284 pecunia,
1377 1235 1555 1284 arrepto
1583 1231 1733 1283 gladio
1752 1231 1822 1271 bis
1847 1217 2046 1285 (feriens)

403 1308 539 1356 caput
578 1305 835 1357 amputauit
876 1305 1063 1356 regium.
1128 1306 1312 1345 Peracta
1353 1304 1487 1356 igitur
1526 1304 1633 1344 cede
1671 1307 1763 1343 tam
1799 1302 2047 1344 miserabili

406 1381 445 1416 et
475 1376 694 1428 inaudita,
728 1377 934 1417 tollentes
966 1388 1133 1429 corpus
1165 1376 1388 1426 exanime,
1421 1376 1602 1428 alligata
1634 1376 1760 1428 galea
1791 1375 1935 1429 ipsius
1967 1375 2048 1415 im-

409 1448 555 1500 posito
601 1449 746 1501 capite
792 1449 845 1488 ad
895 1448 1039 1501 ipsius
1087 1450 1298 1502 martyris
1344 1448 1585 1489 brachium
1625 1449 1850 1499 dextrum,
1897 1460 1952 1487 ne
1990 1447 2047 1488 ab

408 1520 561 1574 aliquo
584 1520 825 1561 hominum
853 1525 1001 1573 posset
1026 1520 1238 1572 inueniri,
1263 1521 1608 1561 submerserunt
1633 1521 1679 1560 in
1704 1521 1898 1568 flumem
1926 1523 1968 1561 et
1984 1519 2049 1560 sic

409 1593 465 1633 ad
498 1593 679 1633 sceleris
713 1593 964 1646 principem
998 1593 1193 1633 ministri
1228 1593 1408 1633 sceleris
1440 1597 1716 1633 reuertentes
1747 1592 1910 1646 patrati
1944 1591 2049 1632 faci-

409 1665 533 1705 noris
558 1665 781 1706 infaustos
807 1669 1097 1719 reportauere
1121 1679 1341 1706 rumores.
1391 1666 1523 1706 Tunc
1546 1665 1715 1706 factum
1741 1669 1807 1706 est
1828 1665 2045 1717 gaudium

409 1737 670 1787 Abellianis,
718 1738 866 1778 luctus
910 1742 950 1777 et
993 1750 1144 1778 meror
1176 1738 1334 1790 ingens
1366 1738 1416 1778 fit
1448 1737 1694 1787 Ericianis;
1741 1737 1892 1778 statim
1925 1750 2050 1777 nam-

409 1823 496 1863 que
529 1810 818 1862 captiuantur
851 1810 1099 1850 nobiliores
1131 1810 1185 1850 de
1217 1810 1486 1850 hominibus
1506 1810 1640 1861 Erici,
1673 1810 1792 1863 capti
1817 1810 2049 1850 vinculan-

410 1885 493 1929 tur,
527 1882 744 1922 vinculati
776 1883 980 1922 custodie
1014 1882 1349 1935 mancipantur.
1413 1882 1498 1922 Sed
1531 1883 1616 1923 hec.
1648 1883 1881 1923 hactenus.

495 1954 641 1994 Altera
676 1958 826 1995 autem
862 1954 946 1999 die,
987 1968 1074 2009 que
1108 1955 1365 1995 miserande
1398 1955 1498 1995 neci
1530 1955 1614 1995 fuit
1644 1954 1866 2007 proxima,
1909 1954 2050 2008 pisca-

409 2029 526 2066 tores
568 2039 649 2079 pro
692 2040 826 2079 opere
867 2040 949 2067 suo
996 2027 1041 2067 in
1089 2028 1284 2067 eundem
1327 2027 1479 2067 locum
1520 2027 1812 2067 deuenientes
1859 2030 1901 2067 et
1938 2026 2048 2066 retia

342 2109 349 2118 ‘
411 2111 490 2137 sua
534 2098 579 2137 in
623 2103 858 2152 capturam
905 2100 1097 2152 piscium
1142 2100 1344 2140 laxantes
1385 2100 1627 2140 trahebant
1666 2100 1721 2139 ad
1754 2099 1879 2139 littus
1912 2097 2050 2138 maris

413 2170 621 2222 martyris
654 2172 926 2212 venerabilis
958 2171 1217 2212 venerabile
1249 2184 1428 2224 corpus.
1493 2172 1547 2212 Et
1589 2185 1691 2212 cum
1735 2171 1876 2211 animi
1909 2170 2050 2211 admi-

412 2243 581 2283 ratione
615 2244 839 2284 intuentes
871 2248 966 2284 tum
1002 2248 1138 2297 caput
1170 2257 1194 2284 a
1227 2256 1416 2297 corpore
1447 2245 1662 2284 auulsum
1695 2247 1790 2284 tum
1825 2255 1993 2296 corpus
2025 2256 2049 2282 a

410 2315 554 2366 capite
595 2320 852 2368 separatum
887 2317 1147 2357 hesitabant
1178 2329 1255 2370 pre
1288 2329 1472 2369 pauore,
1520 2316 1629 2369 quid
1669 2315 1880 2356 dicerent.
1945 2314 2051 2354 Dili-

410 2386 586 2436 gentius
625 2391 775 2427 autem
816 2388 1043 2429 intuentes
1083 2393 1218 2442 caput
1258 2388 1516 2429 venerabile
1548 2401 1806 2441 corpusque
1839 2386 2051 2439 martyris

411 2462 451 2498 et
492 2459 606 2510 regis
645 2460 830 2511 gloriosi
872 2462 1050 2501 tandem
1095 2475 1146 2501 ex
1193 2461 1305 2514 ipsis
1343 2461 1631 2501 lineamentis
1671 2460 1901 2514 signisque
1940 2458 2046 2499 olim

412 2531 495 2570 sibi
542 2531 659 2571 notis
698 2539 982 2583 agnouerunt
1022 2534 1242 2574 illustrem
1286 2534 1519 2588 quondam
1556 2545 1702 2584 regem
1736 2536 1779 2572 et
1808 2531 2047 2572 dominum

411 2616 558 2642 snum.
610 2604 663 2642 Et
695 2604 960 2657 impositum
995 2606 1038 2645 in
1075 2606 1231 2646 nanim
1265 2605 1330 2646 sic
1361 2617 1465 2646 cum
1500 2605 1676 2645 casside
1705 2609 1748 2645 et
1770 2604 2051 2645 indumentis

411 2675 802 2728 compedibusque
835 2677 949 2717 circa
980 2678 1113 2718 tibias
1137 2677 1433 2718 existentibus
1460 2690 1564 2718 eum
1593 2678 1782 2727 honore,
1814 2689 1905 2730 quo
1931 2679 2051 2728 pote-

412 2751 524 2796 rant,
573 2748 897 2787 transtulerunt
938 2750 994 2788 ad
1035 2750 1264 2790 ciuitatem
1307 2750 1664 2798 sleswicensem,
1711 2750 1767 2789 ad
1813 2748 2048 2789 ecclesiam

498 2888 605 2921 8—9.
656 2887 817 2921 victima
868 2888 1045 2924 domini:
1109 2889 1227 2926 [saiw
1274 2889 1336 2929 34,
1372 2890 1404 2924 6.
1521 2890 1579 2924 11.
1627 2887 1954 2934 aliquantulum,
2008 2897 2050 2921 se

411 2943 569 2988 scripsi3
616 2954 658 2979 se
703 2944 1009 2989 aliquantulum
1045 2946 1082 2981 S.
1179 2947 1236 2982 13.
1272 2946 1424 2981 feriens
1457 2945 1607 2981 addidi.
1702 2945 1760 2980 16.
1796 2943 1914 2980 verba
1948 2953 2024 2979 ne.

413 3000 602 3041 inueniri,
648 3010 737 3045 quoe
767 3003 857 3045 pos!
887 3002 1021 3047 capite
1054 3002 1173 3038 habet
1204 3003 1244 3045 S,
1291 3003 1534 3048 transposui.
1618 3003 1677 3037 17.
1714 3004 1855 3047 posset
1891 2999 2050 3045 scripsi;

412 3057 543 3101 possit
576 3057 613 3092 S.
697 3059 755 3092 19.
793 3058 943 3093 factum
978 3061 1040 3094 est
1070 3059 1289 3104 gaudium:
1322 3059 1403 3094 Acl.
1439 3060 1509 3105 Ap.
1544 3060 1578 3101 8,
1601 3061 1634 3095 9.
1722 3059 1785 3094 25.
1821 3057 1913 3093 Luc.
1948 3057 1983 3101 5,
2005 3055 2051 3091 4.-

414 3113 544 3148 laxate
577 3115 674 3149 retia
712 3118 845 3149 vestra
880 3116 918 3149 in
953 3119 1181 3161 capturam.
1256 3117 1318 3152 30.
1351 3116 1520 3161 gloriosi
1555 3116 1716 3161 scripsi;
1749 3115 1976 3161 gloriosum
2011 3113 2049 3148 S.

414 3171 476 3204 32.
510 3173 598 3214 pos!
630 3171 687 3204 sic
719 3171 808 3215 sol-l.
843 3172 1074 3206 addendum
1109 3184 1274 3218 corpus.
