2150 3584
82 1696 121 1727 10

83 2058 121 2088 15

81 2419 123 2450 20

475 213 693 242 SVENONJS
725 213 916 241 Acconis
951 213 1053 241 mnu
1088 214 1170 241 erx
1203 214 1469 242 CAs'rnENffls
1735 205 1785 242 77

947 324 986 386 S

842 432 965 474 CAP.
1000 433 1094 473 Vll.

499 521 577 561 DE
613 521 944 561 MINISTERII
983 520 1442 561 RESIGNATIONE.

243 593 388 670 Illam
422 628 556 668 etiam
592 641 681 667 non
717 627 989 680 pretermisit
1021 626 1270 680 antiquitas
1304 628 1496 667 sormam
1543 628 1788 676 instituere,

147 713 236 755 qua
274 704 316 740 et
357 700 575 753 principis
616 700 828 740 maiestas
864 699 1033 739 illibata
1075 703 1115 739 et
1156 699 1311 739 militis
1355 713 1443 739 non
1488 704 1602 740 esset
1642 701 1789 741 honor

147 773 430 822 imminutus,
463 772 499 811 si
524 773 580 812 ad
609 771 792 812 alterius
819 784 864 811 se
890 771 991 824 quis
1018 771 1278 811 transferret
1304 772 1575 812 hominium.
1626 773 1787 812 Statuit

146 856 264 897 ergo,
310 844 354 884 in
398 843 771 885 Circumcisionis
815 844 981 895 uigilia,
1026 857 1113 897 que
1157 857 1331 883 nouum
1372 856 1545 883 annum
1590 844 1787 895 inchoat,

148 917 316 970 experti
362 916 532 967 militis,
579 916 753 956 domini
795 916 1044 956 nouitatem
1093 915 1358 966 affectantis,
1406 916 1521 955 duos
1569 917 1788 956 commili-

149 993 274 1030 tones
306 990 362 1029 ad
396 988 651 1035 dominum,
687 988 816 1028 cuius
850 1001 895 1028 se
921 988 1127 1028 dominio
1154 1001 1316 1028 exuere
1341 988 1479 1040 cupit,
1512 988 1790 1040 ablegandos

147 1074 258 1114 esse,
302 1061 379 1114 qui
419 1064 458 1100 et
502 1061 540 1100 ei
581 1060 839 1100 hominium
883 1073 988 1101 cum
1030 1060 1215 1100 seruitio
1262 1060 1384 1100 iltius
1431 1060 1671 1112 resignent.
1736 1062 1789 1101 Et

148 1133 212 1174 sic
252 1134 424 1188 absque
466 1133 740 1173 contumelie
784 1132 1058 1172 uerecundia
1101 1132 1369 1185 dominique
1408 1132 1580 1172 offensa
1616 1137 1789 1186 poterat

148 1205 463 1260 unusquisque
495 1206 552 1245 ad
585 1205 769 1245 alterius
802 1204 1062 1245 hominium
1096 1205 1235 1245 libere
1268 1205 1525 1245 conuolare.

831 1495 953 1536 CAP.
988 1495 1106 1535 VIII.

474 1583 553 1623 DE
587 1583 890 1624 CONVITIIS
925 1583 1001 1622 ET
1035 1583 1459 1624 CONTVMELIIS.

242 1655 495 1740 Ceterum,
542 1690 648 1743 quia
690 1690 902 1730 uniuerse
941 1689 1194 1744 iniquitatis
1233 1690 1438 1730 fomitem
1479 1689 1573 1730 rixe
1612 1695 1653 1731 et
1685 1704 1788 1731 con-

148 1762 256 1803 uitia
298 1762 516 1802 suscitare
555 1763 743 1813 soleant,
790 1762 911 1802 illius
953 1762 1089 1802 etiam
1122 1762 1322 1802 remedia
1355 1762 1571 1803 adhibere
1604 1764 1787 1816 placuit,

146 1848 214 1886 ne,
261 1835 454 1875 fraterne
486 1834 670 1875 unionis
702 1835 944 1875 concordia
979 1834 1193 1886 dissidiis,
1241 1834 1346 1875 odio
1387 1838 1427 1875 et
1470 1835 1612 1875 liuore
1657 1835 1788 1875 inter-

146 1910 291 1960 rupta,
324 1907 495 1947 mutuis
528 1919 573 1946 se
605 1907 893 1947 contumeliis
926 1907 1263 1947 commilitones
1295 1907 1539 1947 afficerent.
1602 1908 1787 1947 Censuit

145 1979 297 2032 itaque
328 1979 610 2033 antiquitatis
643 1979 823 2019 solertia
857 1979 1177 2019 huiuscemodi
1210 1978 1360 2019 causis
1393 1983 1571 2018 maturo
1603 1979 1787 2030 castiga-

146 2051 282 2092 tionis
313 2051 515 2092 remedio
548 2052 880 2092 occurrendum
916 2064 1025 2103 esse,
1072 2055 1121 2091 ut
1159 2051 1358 2091 rixarum
1404 2055 1445 2091 et
1476 2051 1783 2091 conuitiorum

148 2123 396 2176 primordia
435 2124 586 2175 legum
627 2123 866 2163 autoritate
899 2123 1145 2175 anticipata
1176 2122 1223 2162 in
1255 2123 1365 2176 ipsis
1398 2123 1635 2176 principiis
1668 2123 1784 2176 sopi-

146 2199 314 2247 rentur,
346 2199 590 2249 antequam
625 2209 703 2248 per
734 2195 892 2247 longas
926 2208 1077 2235 moras
1107 2195 1450 2235 inualescerent.
1502 2195 1638 2235 Ferro
1663 2195 1782 2234 enim

146 2268 393 2308 resecanda
449 2271 554 2308 sunt
607 2268 819 2319 uulnera,
880 2279 981 2321 quae
1034 2267 1341 2307 fomentorum
1400 2280 1491 2307 non
1547 2270 1786 2306 senserunt

147 2339 436 2380 medicinam.
499 2340 544 2380 Si
582 2341 684 2394 quis
726 2351 829 2391 ergo
871 2339 1230 2379 commilitonem
1273 2352 1408 2379 suum
1449 2339 1661 2379 conuitiis
1708 2343 1785 2378 aut

149 2412 436 2452 contumeliis
468 2412 668 2452 afficeret
698 2412 771 2452 uel
803 2411 1082 2464 quibuslibet
1113 2410 1291 2451 iniuriis
1323 2414 1605 2464 prouocaret,
1647 2423 1697 2451 ea
1730 2411 1784 2450 de

147 2496 193 2524 re
225 2483 270 2523 in
302 2484 541 2537 praesentia
572 2483 699 2535 regis,
748 2483 976 2523 uniuersis
1008 2483 1398 2523 commilitonibus
1430 2482 1691 2535 corrogatis,
1739 2483 1783 2522 in

147 2556 389 2609 colloquio,
413 2557 537 2610 quod
560 2555 725 2596 dicitur
746 2555 1124 2608 Huslcarlesteffne,
1150 2555 1377 2595 actionem
1403 2554 1577 2594 institui
1601 2554 1782 2607 placuit.

148 2627 281 2678 Quod
315 2628 349 2668 si
382 2632 506 2668 actor
538 2627 899 2668 commilitonem
932 2640 1066 2667 suum
1100 2640 1235 2679 super
1267 2626 1432 2667 iniuria
1465 2626 1550 2666 sibi
1582 2626 1704 2666 illata
1738 2626 1781 2665 in

152 2885 211 2920 12.
271 2886 465 2921 sussitata
526 2887 596 2921 liat
658 2897 707 2921 ne
761 2887 856 2931 (pro
910 2882 1092 2928 fratbne).
1231 2885 1289 2920 13.
1338 2885 1536 2930 mittIusq3
1668 2884 1782 2929 itaq3.

152 2941 314 2978 17—18.
378 2943 640 2989 Principiis.
677 2973 683 2979 .
719 2953 878 2977 moras:
954 2942 1068 2977 Ouid.
1128 2942 1286 2978 Remed.
1341 2952 1469 2977 amor.
1532 2951 1565 2976 υ.
1628 2941 1677 2975 91
1725 2951 1780 2985 sq.

150 3008 213 3044 22.
246 3009 422 3046 iniuriis.
499 3011 564 3047 24.
597 3011 709 3047 dicit.
787 3011 850 3046 25.
886 3011 1036 3045 iniuria
1070 3009 1204 3045 sillata
1238 3012 1332 3055 (pro
1363 3003 1379 3046 ὲ
1405 3009 1541 3051 illata).

233 3126 296 3162 Ad
326 3127 366 3163 S.
430 3129 593 3164 14—15.
627 3128 910 3173 castigationis
942 3129 1139 3171 remedio,
1170 3128 1241 3173 cfr.
1274 3127 1382 3163 Saxo
1409 3138 1449 3172 p.
1484 3126 1575 3170 528,
1596 3125 1629 3161 3.
