2150 3584
493 237 786 266 coMPENDwM
822 238 1018 267 sAxoms.
1070 239 1151 267 mn.
1186 240 1227 267 vi
1604 232 1679 270 291

40 353 219 403 dolens,
281 351 357 391 sed
418 351 730 392 fraudulenter
782 351 1039 392 amiciciam
1097 366 1200 393 cum
1252 354 1393 394 Danis
1448 355 1685 403 simulans,

42 424 319 466 Frothonem
367 423 422 463 ad
472 423 742 463 conuiuium
792 423 1015 464 inuitauit.
1105 425 1253 475 Quem
1302 427 1411 466 dum
1461 431 1685 467 nocturno

40 502 242 549 tempore
288 495 500 535 incendio
544 494 764 548 perimere
807 496 1050 547 statuisset,
1099 501 1345 549 preuentus
1388 511 1411 538 a
1457 499 1686 539 Frothone

42 568 284 617 occiditur;
317 567 546 621 simulque
581 567 752 607 Frotho
786 567 955 608 ibidem
991 569 1169 609 interiit.

126 640 197 681 Vl.
271 639 490 680 Frothoni
539 638 660 679 filius
709 639 957 691 Ingellus
1005 641 1219 692 succedit,
1267 643 1342 695 qui
1391 657 1415 683 a
1465 644 1687 697 probitate

42 718 220 768 patrum
276 724 465 752 suorum
523 711 802 763 degenerans
855 712 1150 753 solummodo
1205 714 1351 767 epulis
1413 719 1453 755 et
1510 716 1686 755 libidini

42 785 324 834 intendebat;
377 796 459 824 nec
505 784 600 837 ipse
648 783 823 824 bellicis
870 784 1007 824 rebus
1055 786 1247 826 vacabat
1294 800 1376 827 nec
1421 787 1534 827 alios
1582 788 1685 828 talia

42 869 171 910 agere
204 856 468 897 sustinebat.
519 856 660 896 Cuius
687 856 1095 909 intemperanciam
1116 858 1437 900 Starkatherus
1461 860 1689 900 detestans

43 930 100 971 ab
147 942 198 970 eo
246 928 428 969 recessit
475 928 759 981 contulitque
806 942 852 969 se
898 930 954 969 ad
1002 941 1153 982 regem
1202 931 1370 971 Swecie
1412 932 1687 972 Haldanum.

47 1002 144 1055 Filij
180 1014 283 1042 vero
310 1000 544 1052 Swertingi
577 1000 802 1052 timentes,
835 1014 891 1041 ne
920 1002 1074 1043 forsan
1103 1003 1301 1054 Ingellus
1329 1008 1520 1044 mortem
1550 1006 1689 1057 patris

45 1075 273 1115 vindicare
305 1073 451 1124 vellet,
486 1085 686 1113 sororem
721 1086 854 1114 suam
888 1074 927 1114 ei
960 1088 1146 1115 vxorem
1179 1075 1416 1127 dederunt,
1450 1081 1494 1117 vt
1524 1077 1588 1117 sic
1612 1091 1690 1131 per

44 1147 313 1188 affinitatem
354 1146 490 1186 amici
534 1149 704 1193 essent;
752 1147 807 1186 de
848 1160 936 1199 qua
977 1147 1174 1199 Ingellus
1221 1148 1381 1188 habuit
1425 1149 1543 1189 lilios
1588 1151 1690 1190 Fro—

44 1221 246 1272 thonem,
296 1218 576 1269 Fridleuum,
626 1218 847 1269 Ingellum
898 1223 938 1259 et
983 1220 1199 1261 Olauum.
1273 1220 1485 1262 Sororem
1535 1222 1688 1273 Ingelli

48 1292 234 1344 Helgani
284 1290 472 1344 quidam
520 1290 753 1330 aurifaber
800 1292 1089 1332 munusculis
1136 1292 1230 1332 suis
1277 1294 1516 1346 deceperat
1566 1295 1687 1346 (nam

46 1368 145 1419 post
193 1367 384 1409 mortem
425 1362 565 1416 patris
604 1362 703 1416 ipsa
743 1364 943 1404 debitam
993 1365 1251 1405 custodiam
1300 1378 1392 1405 non
1439 1367 1690 1419 habuerat),

45 1441 228 1490 eratque
260 1435 299 1476 ei
331 1448 456 1476 vxor.
510 1435 645 1485 Quod
679 1448 782 1476 cum
819 1437 1139 1477 Starkatherus
1173 1450 1225 1476 ex
1258 1438 1484 1479 relacione
1516 1439 1690 1479 cercius

45 1508 352 1561 cognouisset,
407 1511 686 1561 prouocatus
740 1513 895 1548 contra
953 1509 1251 1549 temeritatem
1301 1510 1514 1562 ignobilis
1561 1511 1690 1564 fabri,

45 1582 167 1636 quod
222 1581 421 1634 puellam
477 1580 646 1631 regiam
693 1581 966 1634 decepisset,
1029 1581 1182 1622 exiens
1231 1582 1449 1623 Sweciam
1498 1584 1689 1624 domum

47 1654 161 1695 fabri
208 1653 416 1703 intrauit,
473 1665 525 1692 ac
580 1652 715 1705 pilleo
772 1653 935 1694 faciem
984 1654 1269 1695 obumbrans
1316 1655 1439 1695 iuxta
1488 1656 1689 1696 hostium

46 1727 166 1767 intus
213 1725 338 1766 sedit.
401 1725 549 1776 Quem
598 1725 724 1765 faber
770 1725 930 1766 videns
970 1726 1090 1766 exire
1129 1727 1272 1777 iussit,
1321 1732 1365 1768 vt
1412 1728 1528 1769 inter
1575 1729 1689 1769 alios

47 1811 269 1852 pauperes
327 1810 482 1837 mense
543 1797 760 1850 reliquias
821 1803 1120 1851 exspectaret3
1181 1803 1227 1839 at
1287 1800 1360 1840 ille
1421 1805 1688 1854 conceptam

46 1870 395 1924 impacienciam
429 1869 662 1910 refrenans
695 1871 850 1910 adhuc
880 1874 1033 1910 tamen
1067 1871 1111 1911 in
1146 1873 1305 1912 eodem
1333 1873 1433 1913 loco
1458 1874 1689 1914 remansit.

49 1943 195 1984 Faber
233 1956 340 1984 vero
380 1955 533 1983 coram
580 1955 631 1982 eo
674 1943 730 1982 ad
775 1943 963 1994 Helgam
1012 1944 1184 1984 vadens
1231 1945 1403 1986 lasciuo
1451 1947 1590 1987 modo
1634 1948 1688 1986 ad

49 2028 147 2056 eam
189 2028 234 2055 se
273 2015 420 2068 gessit.
482 2016 613 2055 Tunc
651 2015 726 2055 illa
770 2015 990 2068 paulatim
1031 2017 1328 2058 considerans
1376 2031 1531 2059 senem
1572 2031 1692 2059 reco-

49 2099 262 2139 gnoscere
294 2087 424 2141 cepit,
457 2100 510 2127 ac
541 2087 722 2127 fabrum
752 2101 804 2128 ex
831 2089 1005 2140 pudore
1029 2102 1054 2129 a
1080 2102 1126 2129 se
1156 2090 1333 2143 repulit,
1366 2090 1522 2131 dicens
1548 2092 1692 2143 magis

49 2160 187 2200 armis
240 2173 378 2213 quam
434 2160 611 2200 lusibus
665 2164 774 2199 tunc
827 2161 1059 2201 vtendum.
1151 2162 1471 2203 Starkatherus
1525 2167 1692 2214 autem,

49 2232 234 2273 vlterius
272 2232 563 2272 dissimulare
604 2245 694 2272 11011
729 2232 900 2285 valens,
947 2234 1150 2285 gladium
1193 2234 1377 2283 exemit;
1424 2236 1547 2288 quod
1587 2248 1690 2276 cum

50 2304 246 2345 imbellis
277 2304 403 2345 faber
435 2304 606 2345 videret
638 2317 776 2358 seque
809 2305 913 2356 suga
946 2305 1124 2345 saluare
1158 2307 1303 2359 vellet,
1346 2307 1457 2347 dum
1490 2308 1691 2348 hostium

139 2454 170 2489 1.
210 2464 304 2489 curn
345 2452 464 2488 danis
503 2452 735 2488 amiciciam
768 2452 844 2488 AS.
935 2453 971 2488 2.
1016 2452 1134 2488 verba
1169 2454 1309 2490 Froth.
1349 2454 1400 2489 ad
1433 2465 1465 2491 0.
1501 2455 1696 2491 inuitauit

52 2531 128 2557 om.
174 2521 250 2558 As,
341 2521 374 2558 3.
422 2514 464 2568 1¹0⁰
510 2524 600 2568 veto
648 2521 801 2566 (primo
849 2523 1031 2565 ventust)
1071 2522 1115 2557 V.
1206 2522 1240 2558 4.
1287 2522 1441 2558 ibidem
1489 2533 1568 2559 om.
1616 2524 1691 2560 AS.

54 2579 87 2614 5.
118 2578 330 2624 Inscriptio
358 2579 399 2614 in
429 2579 479 2614 D:
515 2578 695 2624 [ugellus
715 2578 787 2621 283
820 2578 861 2613 in
879 2578 929 2613 A:
964 2578 1022 2613 De
1041 2578 1147 2624 Rege
1167 2579 1321 2624 lngello
1349 2580 1434 2615 filio
1461 2580 1695 2621 ffrothonis.

53 2637 88 2671 et
118 2635 159 2670 in
191 2646 338 2682 mara:
371 2646 508 2672 xxxvi.
545 2635 656 2682 lngel
690 2635 830 2670 srodes
866 2636 1010 2670 10111.-
1046 2636 1081 2671 5.
1113 2636 1290 2682 ingellus
1324 2637 1434 2672 filius
1468 2637 1511 2673 D.
1584 2648 1694 2673 succ.

53 2693 93 2727 in
126 2701 253 2738 regno
286 2692 325 2729 S.
408 2694 442 2728 7.
475 2693 691 2729 intfidebat
723 2692 767 2727 V.
848 2692 958 2728 7-8.
994 2702 1069 2727 nec
1101 2692 1205 2728 alios
1225 2694 1507 2730 ..sustinebat
1538 2705 1616 2730 om.
1651 2696 1695 2731 Α.

56 2749 90 2785 9.
121 2760 164 2785 38
191 2750 275 2796 regi
302 2749 378 2786 Sw.
404 2750 683 2795 1131ᾶε11811κῐ)
710 2749 749 2785 S.
817 2749 876 2784 10.
910 2749 1039 2795 patris
1066 2753 1241 2785 mortem
1269 2751 1345 2787 As.
1412 2753 1472 2787 11.
1504 2762 1693 2788 sororem

55 2815 199 2842 eorum
232 2808 268 2843 ei
301 2807 341 2842 in
375 2817 436 2843 vx.
468 2807 511 2844 Α.
586 2806 748 2842 11—12.
782 2809 955 2852 propter
986 2806 1051 2841 aff.
1083 2806 1123 2842 S.
1202 2808 1262 2843 12.
1295 2811 1433 2844 essent
1464 2809 1586 2844 amici
1619 2809 1695 2844 As.

25 2863 222 2900 ‘13—14.
264 2863 407 2910 Ingelli
448 2865 619 2910 quidam
656 2863 824 2908 Helgam
861 2863 988 2908 DVA3
1034 2864 1206 2909 quidam
1240 2865 1322 2910 lng.
1357 2865 1469 2911 Helg.
1502 2865 1547 2909 S;
1593 2876 1694 2901 corr.

59 2918 279 2966 Lanqebelc.
355 2921 416 2956 15.
452 2922 582 2967 patris
615 2925 790 2957 mortem
824 2919 900 2956 AS.
975 2920 1199 2966 costodiam
1234 2921 1273 2963 S,
1307 2923 1348 2957 ut
1377 2923 1534 2967 soepius.
1612 2933 1693 2957 non

57 2986 133 3013 om.
159 2977 203 3013 D.
269 2978 328 3015 18.
360 2978 584 3024 decipisset
610 2979 653 3014 Α.
730 2977 886 3013 chcia
905 2977 950 3013 V.
1015 2978 1077 3013 22.
1111 2981 1249 3014 tamen
1278 2977 1352 3027 (tn)
1383 2990 1460 3014 0111.
1488 2979 1576 3024 VA,
1605 2983 1697 3024 post

58 3031 149 3069 loco
180 3033 300 3071 habet
329 3034 368 3071 S.
441 3035 504 3071 26.
537 3039 637 3071 tunc
669 3032 827 3082 essem)
857 3034 1056 3070 vtendum
1089 3035 1134 3074 Α.
1210 3046 1309 3071 vero
1341 3035 1437 3084 (pro
1468 3035 1623 3084 autem)
1653 3037 1694 3073 S.

60 3090 123 3127 28.
156 3096 170 3127 i
206 3091 327 3128 bellis
360 3092 405 3128 D.

1717 1013 1757 1042 10

1719 1376 1758 1405 15

1717 1739 1759 1768 20

1718 2102 1760 2132 25
