2150 3584
303 1006 343 1036 10

302 1366 342 1397 15

301 1730 343 1761 20

302 2092 345 2123 25

369 222 452 262 330
713 230 988 259 SCRIPTORES
1022 229 1248 259 ffls‘romAE
1280 229 1457 258 DANICAE
1489 228 1689 258 MINORES

370 334 456 401 (Is)
503 345 607 386 fecit
645 343 740 384 fieri
786 347 875 384 tres
918 343 1125 384 liburnas
1170 342 1449 383 firmissimis
1491 341 1625 394 lignis
1667 355 1720 383 ac
1761 342 2022 383 fortissimis

371 419 513 460 clauis
561 418 767 458 firmatas
813 419 999 469 propter
1046 416 1266 457 seuiciam
1314 414 1454 454 maris
1500 414 1782 467 transeundi,
1830 415 2024 469 fecitque

371 504 447 532 eas
470 490 557 542 tegi
582 488 793 542 superius
818 488 1000 529 cutibus
1033 488 1218 529 bouinis
1250 491 1434 541 propter
1467 487 1771 540 procellarum
1805 486 2020 528 iniuriam

370 562 707 613 declinandam,
754 573 807 601 ac
847 560 1001 614 posuit
1039 560 1086 600 in
1129 561 1332 615 qualibet
1369 568 1528 600 earum
1561 571 1610 600 .C.
1653 559 1802 601 socios
1843 560 2022 612 electos,

371 635 526 688 sicque
572 647 679 675 cum
725 633 943 674 omnibus
990 633 1072 673 iter
1119 644 1357 685 aggressus
1400 636 1478 672 est.
1548 631 1828 673 Perueniens
1869 635 2022 673 autem

370 719 587 760 prospere
627 706 674 746 in
708 706 985 757 Haloglandv
1009 705 1196 746 vlterius
1238 704 1509 758 inequaliter
1541 708 1583 745 et
1614 703 1737 745 varie
1763 717 1848 758 'per
1879 705 2023 745 maria

370 779 622 831 vagabatur
659 778 707 818 in
747 782 940 830 tantum,
988 778 1111 832 quod
1152 776 1439 830 consumptis
1483 776 1679 829 panibus
1724 776 1815 817 iam
1856 777 2022 818 misero

371 851 523 892 edulio
571 855 613 891 et
657 850 783 892 tenui
828 850 935 890 satis
982 850 1124 891 vitam
1171 850 1470 890 deducebant.
1556 849 1665 889 Post
1710 849 1881 890 multos
1927 849 2023 891 dies

371 923 616 965 audierunt
669 923 798 977 quasi
856 922 1117 964 collisiones
1163 922 1492 976 procellarum3
1550 934 1603 962 ex
1657 935 1748 975 quo
1805 921 2023 975 suspicati

369 1000 537 1037 terram
578 1009 675 1037 esse
714 996 760 1036 in
800 995 966 1047 vicino,
1013 995 1218 1036 fecerunt
1255 1007 1397 1036 vnum
1432 995 1678 1035 ascendere
1710 994 2023 1035 summitatem

372 1068 496 1121 mali,
542 1068 621 1122 qui
663 1068 857 1109 asseruit
897 1072 1065 1108 terram
1105 1068 1245 1108 altam
1287 1080 1384 1108 esse
1416 1070 1520 1108 ante
1552 1080 1751 1120 proram.
1815 1067 2023 1121 Cumque

370 1141 427 1181 ad
470 1154 571 1181 eam
614 1140 933 1192 declinassent,
980 1140 1182 1194 precepit
1213 1140 1494 1191 Thorkillus,
1542 1153 1599 1180 ne
1639 1140 1693 1180 de
1734 1139 1945 1192 gregibus
1976 1139 2024 1180 in

370 1213 499 1254 litore
530 1213 804 1266 vagantibus
836 1213 940 1266 plus
971 1212 1236 1266 reciperent,
1278 1225 1419 1267 quam
1463 1212 1526 1252 eis
1560 1212 1789 1253 sufficeret
1820 1225 1903 1265 pro
1935 1225 2024 1253 vna

371 1285 672 1339 comestione,
727 1298 935 1326 asserens
981 1285 1090 1326 deos
1137 1284 1286 1325 insule
1333 1285 1528 1337 vlturos,
1591 1284 1629 1325 si
1675 1284 1780 1338 plus
1825 1283 2024 1338 recipere

369 1361 710 1411 attemptarent3
759 1359 835 1399 sed
883 1358 948 1398 illi
995 1358 1206 1399 timentes
1255 1357 1440 1409 famem,
1488 1357 1671 1410 qualem
1713 1356 1806 1397 iam
1853 1356 2023 1410 experti

370 1430 569 1483 fuerant,
631 1434 950 1471 mactauerunt
1012 1431 1068 1471 de
1122 1430 1334 1482 gregibus
1396 1429 1593 1483 copiose.
1686 1429 1829 1471 Nocte
1889 1429 2025 1482 igitur

371 1502 577 1556 sequenti
616 1503 896 1544 audiuerunt
938 1516 1127 1544 nemora
1171 1506 1213 1543 et
1243 1502 1375 1543 litora
1409 1502 1543 1556 plena
1576 1502 1794 1543 monstris
1827 1502 2025 1543 claman-

369 1574 512 1626 tibus3
559 1589 758 1629 quorum
798 1589 941 1616 vnum
984 1575 1143 1617 ceteris
1183 1574 1334 1615 maius
1374 1588 1479 1616 cum
1513 1574 1683 1627 ingenti
1717 1575 1833 1615 fuste
1865 1587 2024 1616 versus

370 1660 513 1689 naues
544 1648 713 1689 vadare
745 1647 876 1701 cepit,
909 1648 1129 1700 clamans,
1163 1648 1300 1701 quod,
1338 1647 1426 1688 nisi
1458 1660 1541 1701 pro
1575 1647 1683 1688 cede
1715 1658 1902 1700 gregum
1934 1650 2024 1687 tres

370 1720 583 1761 homines
637 1721 893 1761 secundum
949 1733 1197 1761 numerum
1253 1720 1443 1761 nauium
1502 1723 1801 1773 exponerent,
1863 1718 2024 1760 exinde

370 1795 633 1836 nullatenus
686 1795 968 1848 nauigarent.
1057 1782 1308 1849 <Th0rlcillo
1363 1794 1495 1849 i9iiur
1539 1794 1746 1835 suadente
1792 1797 1873 1834 tres
1916 1796 2026 1835 sorte

370 1867 592 1908 denotatos
624 1867 941 1919 exhibuerunt;
974 1881 1060 1921 quo
1090 1867 1220 1921 sacto,
1253 1870 1451 1921 optatum
1486 1870 1659 1908 ventum
1693 1867 1947 1907 habuerunt
1975 1879 2026 1907 ac

372 1935 415 1976 in
461 1935 703 1976 ulteriorem
746 1935 991 1977 Biarmiam
1041 1922 1349 1990 nauiyarunt).
1412 1936 1512 1987 Que
1550 1935 1672 1988 regio
1714 1939 1780 1977 est
1818 1935 2025 1989 perpetui

370 2007 551 2060 frigoris
583 2021 637 2049 ac
668 2009 1003 2062 profundarum
1038 2008 1233 2061 niuium,
1275 2009 1555 2049 habundans
1587 2008 1855 2049 nemoribus
1885 2007 2025 2048 inuiis

371 2093 424 2121 ac
463 2080 692 2122 inusitatis
724 2081 833 2122 alibi
865 2081 1022 2122 bestiis
1055 2085 1096 2122 et
1128 2081 1284 2122 fluuiis
1318 2081 1487 2132 multis,
1535 2081 1742 2133 frugibus
1783 2093 1942 2121 carens
1985 2084 2025 2120 et

371 2152 473 2192 aliis
505 2152 652 2194 bonis.

455 2225 576 2266 XIII.
636 2225 734 2268 Illic
753 2226 1020 2267 Thorkillus
1054 2227 1305 2268 subductas
1339 2239 1481 2267 naues
1513 2225 1561 2266 in
1592 2229 1690 2267 tuto
1723 2226 1824 2267 loco
1857 2225 2023 2279 posuit,

370 2297 525 2338 dicens
557 2299 711 2339 locum
737 2298 926 2340 Geruthi
958 2298 1051 2339 iam
1083 2312 1178 2339 non
1209 2300 1343 2351 longe
1373 2298 1564 2349 distare3
1597 2298 1834 2351 prohibuit
1865 2297 2024 2347 eciam,
2051 2323 2056 2326 -

459 2454 492 2490 1.
534 2454 571 2489 Is
613 2454 754 2490 addidi
791 2453 856 2504 (ex
891 2455 1080 2504 Saxone).
1168 2455 1281 2491 ffecit
1311 2457 1396 2491 tres
1437 2453 1531 2503 (om.
1563 2451 1670 2503 fieri)
1703 2454 1756 2499 D;
1803 2453 1900 2490 fecit
1931 2452 2024 2500 ferri

371 2511 460 2546 fieri
493 2513 576 2547 tres
609 2512 663 2556 V;
709 2511 806 2548 fecit
836 2512 937 2548 ferri
970 2515 1054 2548 tres
1086 2512 1163 2558 AS,
1206 2511 1276 2548 sed
1305 2512 1405 2548 ferri
1435 2511 1527 2558 fort.
1561 2509 1609 2546 Sl
1641 2511 1682 2546 in
1715 2511 1806 2547 fieri
1840 2510 2023 2546 correxit.

371 2567 406 2603 3.
440 2569 517 2613 tegi
550 2579 619 2604 eas
645 2569 695 2614 S,
727 2579 796 2605 eas
826 2580 904 2605 om.
930 2570 974 2605 Α.
1036 2569 1221 2616 procella
1234 2567 1274 2618 (1)
1298 2569 1344 2606 V.
1407 2569 1517 2604 5—7.
1551 2567 1695 2604 malim
1729 2567 2022 2615 pei-uenientes

373 2625 690 2671 ..vagabantun
761 2627 796 2662 6.
831 2626 1059 2673 hologland
1091 2627 1237 2672 A(v‘?);
1277 2625 1526 2672 helgelandh
1562 2625 1590 2661 S
1620 2624 1856 2674 (Halogiam
1888 2622 2022 2673 Saxo).

374 2682 406 2717 8.
427 2682 539 2717 tenui
559 2683 659 2718 satis
676 2684 835 2730 scripsi,
867 2684 1082 2720 tenuitatis
1100 2683 1184 2729 As,
1215 2683 1386 2720 tenuitis
1405 2684 1456 2727 V;
1487 2683 1670 2719 tenuiter
1688 2683 1733 2718 D.
1795 2683 1828 2718 9.
1863 2681 2021 2729 procel-

372 2738 521 2783 larum,
562 2740 585 2776 i.
620 2751 649 2776 e.
686 2741 907 2777 undarum.
983 2752 1030 2777 ex
1064 2752 1146 2788 qua
1179 2741 1304 2786 codd„
1338 2740 1505 2776 correxi.
1579 2739 1641 2777 10.
1674 2740 1913 2775 sumitatem
1946 2737 2021 2774 VS.

375 2796 435 2832 13.
483 2798 1063 2843 receperant..sufficerent
1110 2798 1156 2842 S,
1202 2808 1304 2834 corr.
1354 2796 1411 2834 82.
1512 2797 1678 2833 15—16.
1726 2796 1892 2842 qualem
1940 2806 2022 2842 qua

369 2851 434 2899 (82
466 2864 566 2889 corr.
599 2853 697 2903 iam)
728 2866 816 2901 exp.
851 2858 948 2891 sunt
976 2855 1013 2892 S.
1082 2855 1128 2891 17
1164 2855 1403 2892 audierunt
1431 2854 1471 2891 S.
1538 2855 1598 2890 19.
1631 2853 1797 2898 vadare,
1830 2853 1852 2889 i.
1887 2863 1916 2890 e.
1948 2862 2023 2899 per

370 2909 521 2945 vadum
563 2911 640 2954 ire3
688 2912 729 2947 in
770 2923 899 2959 mcv-9.
937 2911 1069 2948 scriba
1109 2913 1142 2948 Α
1188 2914 1282 2948 ante
1319 2911 1395 2947 hoe
1435 2911 1477 2947 in
1519 2910 1643 2948 inseri
1683 2911 1818 2946 voluit.
1907 2908 2019 2957 quod

372 2976 449 3002 om.
494 2967 533 3002 S.
621 2979 697 3014 pro
740 2966 983 3018 mercede(!)
1019 2968 1063 3005 Α.
1135 2970 1199 3005 21.
1239 2967 1500 3014 Manifestum
1542 2969 1734 3004 lacunam
1777 2978 1825 3003 eoe
1862 2967 2022 3003 Saxone

372 3024 539 3069 eaepleni.
602 3025 666 3060 24.
693 3026 915 3062 abundans
934 3026 1012 3063 DS.
1078 3026 1140 3063 25.
1170 3026 1357 3062 inusitati
1383 3025 1585 3075 albi(!)A;
1617 3024 1825 3060 inusitatis
1851 3023 1956 3060 albis
1981 3023 2020 3059 S.

373 3080 437 3118 28,
465 3081 617 3117 icrulhi
638 3082 676 3117 S.
747 3083 825 3118 iam
854 3094 932 3119 om.
953 3083 997 3119 Α.
1068 3083 1189 3131 longe
1217 3094 1298 3119 non
1319 3083 1358 3118 S.
1419 3084 1540 3130 proli.
1570 3093 1620 3119 ne
1646 3082 1777 3118 eciam
1808 3080 1959 3128 aliquis
1976 3079 2019 3117 V.
