2150 3584
316 1099 357 1130 10

318 1462 358 1492 15

317 1822 360 1852 20

319 2186 361 2216 25

321 2547 364 2578 30

383 212 462 252 118
720 219 994 249 SCRIPTORES
1027 218 1255 248 ffls‘roffiAE
1287 217 1464 246 DANICAE
1495 216 1694 246 MINORES

1175 332 1232 391 X

381 446 563 496 propter
595 440 825 482 seruitutis
856 439 1014 491 iugum
1045 438 1346 491 intolerabile,
1393 437 1627 491 popularis
1660 437 1778 491 cepit
1809 438 2025 479 efferuere

381 514 617 555 tumultus.
681 512 749 552 Ibi
790 510 984 565 denique
1027 510 1230 564 uulgaris
1272 510 1391 563 cepit
1422 509 1569 551 seuire
1599 510 1647 550 in
1678 522 1828 563 regem
1861 511 2027 550 tumul-

381 585 538 637 tuatio,
584 584 646 624 ita
693 588 741 624 ut
786 584 940 637 ipsum
988 596 1011 624 a
1060 594 1197 635 regno
1240 595 1333 623 una
1379 582 1694 635 propellerent.
1759 583 1849 634 Qui
1891 595 2025 623 cursu

383 657 515 698 celeri
546 656 701 708 fugam
734 655 956 709 arripiens
994 653 1256 708 (»pedibus«
1294 653 1416 694 enim
1454 639 1650 708 »<timor>
1682 654 1858 694 addidit
1888 652 2028 707 alas«)
2079 694 2082 696 .

382 730 440 770 ad
466 728 695 770 Sclauiam
728 727 947 781 profugus
979 739 1124 780 usque
1151 725 1451 777 commeauit,
1484 726 1563 766 ubi
1589 730 1630 766 et
1654 739 1765 779 pace
1788 726 2028 780 impetrata

382 802 559 855 primus
591 801 752 841 urbem
785 799 1003 840 fundasse
1034 799 1212 851 dicitur,
1245 811 1333 852 que
1359 811 1484 839 nunc
1502 798 1831 851 Hyumsburgh
1857 811 2029 839 nuncu-

382 878 535 928 patur,
582 873 713 914 cuius
754 871 905 912 menia
939 872 997 912 ab
1029 871 1341 925 archipresule
1373 871 1602 911 Absalone
1634 882 1714 923 ego
1747 871 1898 912 Sueno
1931 871 2029 912 solo

383 945 599 999 conspexi
646 944 815 998 equari.
902 944 1006 994 Quo
1053 944 1264 985 exulante
1311 943 1433 984 filius
1478 943 1525 983 in
1571 955 1710 996 regno
1758 944 2030 996 subrogatur

385 1019 556 1069 Sueno,
610 1017 882 1069 cognomine
929 1016 1219 1070 Tygheskeg3
1282 1015 1359 1070 qui
1407 1016 1567 1067 fidem,
1623 1029 1763 1070 quam
1810 1016 2029 1069 profugus

382 1090 557 1130 tandem
595 1093 722 1142 pater
760 1088 999 1141 abiecerat,
1046 1100 1184 1128 uerus
1216 1087 1287 1128 dei
1321 1088 1467 1128 cultor
1500 1087 1747 1141 adoptauit,
1793 1073 1874 1142 (et)
1914 1087 2029 1128 sacri

384 1161 671 1215 baptismatis
718 1161 841 1201 unda
883 1165 1067 1201 renatus
1108 1161 1358 1201 ortodoxus
1397 1160 1544 1200 factus
1582 1160 1712 1200 uerbi
1758 1160 1905 1201 diuini
1951 1173 2031 1213 per

384 1234 649 1274 uniuersam
689 1232 921 1286 regionem
964 1232 1096 1273 iussit
1135 1232 1311 1273 semina
1349 1232 1605 1286 propagari.
1669 1233 1890 1274 Successu
1922 1237 2030 1273 tem-

384 1319 550 1360 porum
578 1305 891 1347 interueniunt
915 1305 1061 1358 legati,
1094 1309 1143 1345 ut
1169 1305 1397 1346 discordia
1430 1305 1546 1345 inter
1577 1309 1753 1358 patrem
1785 1304 2030 1358 profugum

384 1379 539 1419 habita
581 1382 624 1419 et
663 1378 810 1418 filium
850 1377 972 1430 regio
1009 1381 1274 1430 regnantem
1317 1377 1432 1418 solio
1471 1377 1528 1417 ad
1569 1377 1864 1418 concordiam
1903 1390 2031 1418 reuo-

385 1454 573 1492 caretur.
666 1450 830 1492 Statuit
875 1450 1011 1503 igitur
1055 1463 1155 1502 rex,
1203 1453 1251 1490 ut
1296 1453 1424 1503 pater
1472 1462 1577 1490 cum
1625 1449 1775 1490 Slauis
1819 1449 1866 1490 in
1912 1448 2031 1503 (freto

388 1523 660 1565 Gro‘noesund
688 1522 785 1576 sibi)
817 1523 872 1563 de
904 1535 1016 1577 pace
1046 1526 1334 1563 occurrerent
1363 1523 1612 1563 tractanda.
1676 1522 1779 1573 Quo
1812 1535 1917 1562 cum
1948 1525 2032 1562 ter-

385 1595 511 1636 mino
568 1596 814 1637 constituto
869 1608 949 1636 rex
1002 1608 1107 1636 cum
1155 1595 1393 1636 Danorum
1450 1594 1673 1636 excercitu
1728 1594 2030 1647 conuenisset,

386 1668 526 1722 patris
567 1667 646 1708 diu
686 1669 960 1722 prestolatur
998 1668 1263 1708 aduentum.
1327 1667 1501 1708 Interea
1536 1667 1766 1707 Haraldus
1797 1667 2031 1720 profugus,

387 1740 627 1781 cuiusdam
660 1740 907 1782 consiliarii
941 1740 1011 1781 sui
1044 1739 1329 1792 suggestione
1364 1740 1580 1792 monitus,
1613 1739 1783 1780 scilicet
1814 1739 2032 1780 Palnonis

386 1812 554 1865 Tokki,
601 1813 679 1867 qui
727 1813 978 1854 binominis
1025 1812 1190 1864 extitit,
1246 1811 1480 1852 liburnam
1528 1810 1613 1852 sibi
1657 1812 1847 1853 celocem
1893 1811 2032 1852 remis

386 1885 619 1926 fabrefecit
664 1885 965 1939 aptissimam,
1016 1898 1156 1939 quam
1204 1884 1355 1925 nautis
1401 1884 1637 1925 adornauit
1681 1883 2032 1938 probatissimis,

387 1958 551 2012 cuique
591 1958 940 2009 gubernatorem
981 1957 1428 2011 prefatum'prefecit
1460 1957 1713 1998 Palnonem
1747 1956 1910 2009 Tokki,
1953 1956 2032 2010 qui

387 2030 479 2081 regi
510 2030 775 2071 festinanter
805 2030 1087 2071 accelerabat
1117 2042 1367 2071 occurrere.
1430 2029 1520 2081 Qui
1557 2030 1669 2070 dum
1701 2030 1758 2070 ad
1792 2030 2032 2070 Danorum

389 2102 670 2155 peruenisset
715 2103 983 2155 exercitum,
1030 2101 1253 2143 ordinatis
1299 2115 1378 2156 per
1423 2102 1547 2143 foros
1592 2101 1794 2155 remi9iis
1843 2100 2033 2155 puppim

387 2188 515 2214 suam
538 2174 655 2226 regis
685 2174 815 2215 iussit
841 2175 999 2216 dolum
1030 2178 1367 2215 commentatus
1390 2175 1534 2229 puppi
1561 2174 1803 2228 applicare.
1852 2173 2032 2225 Quibus

390 2247 453 2287 sic
491 2246 713 2287 ordinatis
753 2247 902 2300 prima
942 2247 1232 2288 illucescente
1271 2260 1437 2288 aurora
1477 2258 1628 2299 regem
1669 2247 1788 2287 clam
1825 2246 1873 2286 in
1908 2245 2034 2287 recli-

389 2319 517 2359 nario
550 2319 773 2360 excitauit.
837 2320 1191 2373 Expergefactus
1222 2323 1375 2360 autem
1407 2332 1485 2360 rex
1517 2319 1786 2371 sciscitatur,
1818 2318 2032 2373 quisnam

390 2395 517 2432 esset.
569 2391 711 2431 »Nos«
747 2391 896 2446 inquit
931 2392 1095 2445 »patris
1127 2392 1194 2432 tui
1225 2392 1371 2445 legati,
1404 2392 1461 2432 ad
1493 2395 1535 2432 te
1567 2391 1622 2432 de
1654 2404 1766 2445 pace
1797 2390 2033 2432 tractanda

389 2462 683 2503 transmissi«
757 2463 892 2513 Quod
939 2477 1045 2505 cum
1092 2464 1338 2516 didicisset,
1385 2464 1525 2517 patris
1564 2467 1732 2504 statum
1772 2462 2033 2515 diligentius

391 2535 579 2588 cupiens
620 2536 906 2588 percunctari
947 2535 1101 2590 (paulo
1138 2549 1216 2576 rex
1254 2539 1372 2577 extra
1405 2535 1535 2577 nauis
1565 2536 1872 2589 subyrundam
1904 2536 2038 2589 caput

390 2606 586 2647 exseruit.
681 2607 816 2658 Quem
866 2607 975 2649 illico
1017 2608 1288 2662 pretaxatus)
1335 2609 1479 2650 Palno
1527 2608 1644 2650 Toki
1689 2621 1768 2662 per
1813 2620 1947 2648 aures
1993 2610 2035 2647 et

392 2679 580 2732 capillos
626 2680 896 2733 corripiens,
953 2681 1055 2721 licet
1099 2681 1265 2722 frustra
1312 2681 1599 2731 renitentem,
1653 2694 1733 2721 sue
1779 2679 1888 2721 naui
1934 2678 2032 2719 nisu

392 2751 618 2804 potentior
664 2752 854 2792 extraxit
898 2752 1112 2806 inuitum,
1158 2757 1213 2806 et,
1260 2753 1362 2794 licet
1400 2753 1652 2807 paucillum
1699 2753 1899 2794 clamore
1938 2763 2034 2805 per-

392 2828 620 2877 streperet,
667 2824 825 2865 ceteris
868 2825 1038 2877 ignaris
1083 2829 1123 2866 et
1166 2825 1517 2879 quiescientihus
1555 2839 1789 2867 remorum
1830 2824 2033 2878 impulsu

479 2943 514 2978 2.
555 2943 804 2989 ibidemque.
897 2946 931 2980 4.
966 2945 1145 2990 pedibus
1186 2946 1311 2981 timor
1350 2946 1511 2982 addidit
1547 2946 1634 2982 alas
1674 2955 1723 2982 ex
1766 2944 1905 2990 Ver-qil.
1943 2942 2032 2979 AEn.

400 2999 494 3045 VIII,
521 3000 614 3036 224.
679 3001 713 3036 6.
742 3001 1054 3047 Hynnisburgh.
1122 3003 1183 3038 10.
1212 3005 1361 3038 tamen.
1416 3003 1619 3039 adorauit.
1678 3003 1842 3038 13—14.
1869 3003 2031 3048 patrem

395 3071 429 3101 οι
466 3068 593 3102 filiuni
630 3069 851 3114 profugum
888 3070 1039 3106 habita.
1128 3072 1190 3106 20.
1228 3070 1440 3106 liburnum
1475 3065 1623 3107 selicet.
1712 3072 1776 3107 21.
1810 3069 2032 3106 ordinauit.
