2150 3584
587 231 881 260 COMPENDWM
915 233 1113 263 SAxoms.
1164 236 1245 263 Lm.
1281 236 1322 263 ix
1695 227 1774 266 347

131 345 397 386 Dubliniam
445 345 676 385 ciuitatem
725 346 902 386 obsedit
949 351 989 387 et
1037 348 1166 400 cepit.
1233 349 1404 389 Deinde
1451 362 1529 401 per
1572 351 1773 391 mediter-

129 430 319 458 raneum
383 429 508 458 mare
568 430 710 470 vsque
774 418 1121 472 Hellespontum
1194 421 1417 472 nauigans
1484 422 1778 463 intermedias

127 489 333 541 regiones
365 501 470 530 cum
505 489 840 543 sollempnibus
873 490 1074 532 victoriis
1107 493 1411 545 pertransiuit.

213 562 332 603 VIII.
382 562 501 601 Inter
526 562 610 602 hec
636 562 918 603 Haraldus
944 564 1234 616 supradictus
1262 578 1340 617 per
1366 567 1590 619 quosdam
1624 568 1778 608 Danos

127 634 172 675 in
197 645 347 686 regem
374 633 538 674 iterum
564 638 629 674 est
656 638 853 675 euectuS.
894 635 984 686 Qui
1008 635 1119 675 dum
1146 649 1169 676 a
1199 636 1311 677 sacie
1332 638 1521 688 Regneri
1548 639 1778 679 redeuntis

127 706 382 758 aufugeret,
428 706 540 746 adiit
585 706 908 760 imperatorem
959 708 1280 759 Lodowicum,
1330 710 1568 761 Maguncie
1616 712 1778 751 consti-

126 782 290 831 tutum,
338 791 419 831 pro
462 778 633 819 auxilio
671 779 984 832 impetrando,
1031 780 1109 833 qui
1154 780 1363 833 promisit
1404 782 1440 821 ei
1483 782 1778 831 adiutorium,

129 851 385 891 dummodo
433 850 571 891 fidem
619 851 916 892 christianam
956 852 1156 905 recipere
1198 853 1342 893 vellet.
1409 854 1636 895 Haraldus
1677 868 1780 895 con-

127 923 334 964 senciens
361 936 440 976 per
464 923 786 976 imperatorem
811 925 866 964 de
892 937 1021 965 sacro
1047 924 1169 965 fonte
1198 929 1263 965 est
1287 926 1476 966 leuatus.
1528 927 1779 980 Imperator

126 995 261 1048 igitur
282 995 413 1036 iussit
431 995 702 1047 Saxonibus,
729 1000 774 1037 vt
794 997 1047 1037 Haraldum
1075 997 1266 1038 fideliter
1289 998 1581 1049 adiuuarent,
1610 999 1778 1052 quibus

126 1068 266 1108 fretus
293 1067 483 1109 Daciam
517 1067 715 1109 intrauit.
765 1069 815 1108 In
841 1069 1066 1110 territorio
1092 1069 1375 1111 Sleswicensi
1403 1071 1641 1111 ecclesiam
1675 1084 1778 1112 con-

127 1140 306 1192 struxit,
367 1139 536 1181 scilicet
582 1139 627 1180 in
677 1140 956 1192 Hadaeboth‚
1016 1142 1291 1194 ydolatriam
1340 1142 1583 1195 interdixit,
1640 1144 1777 1184 tidem

127 1212 435 1254 Christianam
469 1212 646 1266 primus
678 1212 932 1253 introduxit
963 1226 1016 1254 ac
1047 1227 1130 1267 pro
1163 1227 1214 1254 ea
1248 1214 1294 1255 in
1327 1215 1553 1268 principio
1586 1216 1779 1257 fideliter

126 1285 365 1326 laborauit.
400 1285 485 1326 Sed
506 1286 737 1337 Regnerus
761 1286 1092 1339 superueniens
1113 1286 1367 1327 Haraldum
1395 1300 1500 1328 cum
1521 1288 1778 1329 Saxonibus

125 1357 314 1409 fugauit,
346 1357 620 1410 ydolatriam
654 1357 892 1398 reuocauit
922 1371 976 1399 ac
1008 1359 1147 1400 fidem
1180 1360 1413 1400 nouellam
1444 1361 1499 1400 de
1528 1360 1708 1402 Christo
1732 1361 1778 1401 in

126 1429 267 1470 Dacia
314 1429 569 1482 extirpauit.
663 1430 893 1471 Haraldus
940 1431 1105 1483 eciam,
1162 1435 1380 1485 reputans
1438 1432 1592 1472 forsan
1640 1432 1778 1473 fidem

127 1502 294 1544 Christi
340 1502 541 1554 inanem,
588 1515 641 1543 eo
688 1503 813 1556 quod
856 1503 943 1543 sibi
984 1517 1200 1557 prospere
1242 1517 1334 1544 non
1376 1504 1615 1557 euenisset,
1663 1518 1778 1557 eam,

127 1575 243 1616 sicut
275 1574 465 1615 faciliter
497 1578 827 1628 acceptauerat,
860 1575 1025 1617 reiecit.

212 1647 286 1688 IX.
351 1648 524 1687 Interea
566 1647 711 1699 Hella,
758 1648 813 1687 de
857 1647 997 1689 Dacia
1046 1662 1125 1702 per
1172 1650 1428 1701 Regnerum
1479 1650 1673 1702 fugatus,
1720 1651 1776 1690 ad

127 1719 413 1773 Hybernicos
459 1718 693 1771 transiuit,
740 1719 895 1773 ibique
941 1733 1102 1762 omnes
1142 1722 1345 1774 Regnero
1393 1722 1550 1762 fideles
1597 1721 1775 1763 occidit.

126 1792 293 1833 Contra
334 1805 471 1845 quem
505 1793 738 1844 Regnerus
777 1805 882 1833 cum
916 1793 1061 1834 classe
1092 1794 1318 1834 transiens
1352 1794 1470 1834 iusto
1503 1794 1575 1834 dei
1607 1794 1777 1835 iudicio

126 1868 310 1917 propter
351 1864 597 1918 repudium
636 1864 743 1905 fidei
783 1864 1030 1905 christiane
1063 1866 1120 1906 ab
1155 1866 1285 1907 Hella
1318 1867 1681 1920 comprehensus
1713 1871 1779 1907 est

125 1949 179 1977 ac
224 1936 269 1977 in
317 1949 507 1977 caueam
555 1941 817 1990 serpentum
875 1937 1096 1989 deiectus3
1157 1938 1236 1992 qui
1290 1939 1401 1979 dum
1458 1952 1625 1992 corpus
1681 1940 1776 1980 eius

125 2009 412 2061 deuorarent,
459 2009 589 2049 dixit:
641 2009 711 2050 »Si
753 2010 941 2062 porcelli
984 2010 1149 2051 scirent
1182 2023 1348 2064 penam
1381 2011 1536 2062 verris,
1583 2011 1777 2064 diruptis

125 2081 249 2121 haris
296 2082 352 2122 ad
401 2081 691 2122 liberandum
735 2082 1038 2123 festinarent«
1106 2084 1173 2124 Ex
1214 2096 1304 2137 quo
1344 2084 1483 2124 verbo
1521 2083 1776 2135 intelligens

214 2180 248 2215 1.
283 2179 500 2215 dublinam
535 2179 573 2216 S.
636 2181 671 2216 2.
703 2180 812 2216 inter
844 2181 1002 2216 medias
1036 2181 1076 2217 S.
1140 2182 1176 2217 5.
1210 2185 1374 2218 erectus
1402 2183 1445 2217 Α.
1506 2181 1610 2217 Nola
1643 2192 1773 2227 mal-9.

126 2236 167 2272 in
200 2236 252 2272 A:
286 2247 392 2272 Lxxl.
427 2236 584 2273 Harald
619 2237 748 2273 Klack
780 2237 909 2273 forste
941 2238 1135 2274 Christen
1168 2239 1321 2285 konge3
1355 2239 1395 2274 1‘11
1426 2239 1471 2274 S:
1506 2238 1775 2274 Introduccio

126 2293 221 2329 fidei
262 2293 491 2330 christiane
530 2294 572 2330 in
614 2294 731 2330 dacia
771 2295 853 2330 hoc
884 2295 926 2330 in
958 2295 1052 2331 loeo
1085 2295 1240 2331 dicitur
1272 2296 1408 2342 primo
1443 2307 1516 2342 per
1549 2295 1774 2341 quemdam

128 2350 373 2386 Haraldum.
449 2352 484 2387 5.
516 2351 731 2388 redeuntis
764 2363 843 2387 om.
879 2352 920 2388 Α.
991 2353 1026 2389 6.
1058 2352 1277 2398 aufugaret
1309 2353 1354 2389 V.
1430 2353 1697 2388 Lodcwicum
1732 2354 1774 2389 Α,

127 2409 162 2444 8.
197 2408 340 2443 christ.
374 2408 498 2444 fidem
531 2408 607 2444 AS.
686 2409 748 2445 10.
780 2409 1008 2453 haraldo(!)
1041 2409 1080 2444 S.
1158 2410 1219 2445 12.
1252 2410 1496 2446 hethaeboth
1530 2410 1580 2453 Α;
1628 2410 1775 2445 haedae-

126 2464 228 2500 both
270 2465 309 2501 S.
391 2464 515 2501 Verba
557 2465 643 2502 scil.
681 2466 723 2502 in
766 2466 989 2502 Hadeboth
1036 2477 1085 2502 ecc
1121 2466 1230 2503 Αηη.
1273 2466 1420 2513 Ryens.
1463 2468 1625 2512 sumpta
1671 2469 1775 2502 sunt.

129 2522 191 2558 13.
237 2521 416 2558 fideliter
454 2533 531 2558 om.
575 2522 614 2559 S.
708 2524 769 2558 15.
816 2523 1034 2559 reuocabit
1080 2524 1124 2559 V.
1219 2524 1380 2559 15—16.
1428 2524 1469 2559 in
1517 2523 1678 2558 daciam
1728 2524 1773 2559 D.

131 2579 192 2615 16.
240 2579 487 2625 exstirpauit
532 2581 576 2615 Α.
666 2579 808 2616 forsan
852 2583 1053 2626 reputans
1093 2581 1133 2615 S.
1228 2581 1288 2615 17.
1332 2591 1535 2626 prospere
1577 2591 1659 2616 non
1692 2580 1775 2623 AS.

127 2647 210 2671 non
244 2636 286 2671 in
320 2636 352 2671 D
382 2638 521 2682 postea
553 2647 581 2673 s.
615 2647 647 2672 ι).
680 2636 885 2682 additum3
931 2648 1009 2672 om.
1042 2638 1094 2681 V;
1139 2637 1264 2682 iyitm·
1290 2637 1384 2683 sort.
1416 2636 1558 2673 scribd.
1592 2637 1671 2672 sibi
1703 2638 1776 2672 im—

127 2703 330 2739 prospere
362 2693 582 2730 euenisset.
671 2694 733 2730 18.
765 2696 1043 2739 atte'ptauerat
1075 2694 1187 2730 VAS.
1270 2696 1361 2739 pos!
1392 2694 1533 2730 reiecit
1568 2693 1616 2728 D¹
1653 2694 1776 2730 inseri

128 2750 253 2785 voluit
281 2749 366 2785 Iioec
398 2749 516 2786 verba
551 2750 590 2786 ἰη
625 2750 812 2797 matyine
843 2750 1066 2796 adscripta:
1111 2750 1182 2786 sed
1217 2751 1345 2797 aliqui
1379 2751 1534 2790 dicunt.
1576 2751 1689 2796 quod
1723 2751 1773 2786 ad

127 2806 464 2852 predicacionem
505 2807 639 2843 sancti
680 2808 862 2853 ansgarii
905 2807 1028 2843 rediit
1060 2810 1099 2843 et
1130 2808 1348 2843 ecclesiam
1383 2809 1423 2843 in
1458 2808 1646 2843 hadboth
1679 2818 1776 2843 con-

127 2864 289 2899 struxit.
363 2864 484 2900 Hanc
519 2867 659 2900 notam
703 2864 819 2908 (sicut
856 2864 982 2900 aliam
1015 2865 1069 2900 ad
1101 2875 1133 2900 υ.
1167 2864 1214 2900 11
1248 2864 1516 2910 adscriptam:
1566 2864 1774 2900 Haraldus

128 2922 384 2966 apostatauit
415 2932 437 2956 a
470 2921 566 2965 fide)
600 2919 653 2957 Dl
684 2932 733 2957 ea:
759 2921 864 2957 Αηη.
896 2921 1041 2967 Ryens.
1073 2920 1252 2966 confecit.
1317 2922 1379 2957 19.
1413 2921 1464 2957 de
1497 2921 1615 2956 dacia
1647 2921 1774 2965 codd,

127 2977 195 3013 sed
236 2979 379 3014 auctor
415 2978 579 3021 errauit,
628 2979 703 3014 vid.
735 2989 861 3023 supra
893 2978 947 3013 ad
975 2990 1012 3025 p.
1048 2977 1198 3023 34293
1245 2978 1295 3013 de
1327 2978 1470 3024 Anglia
1511 2978 1590 3013 dici
1627 2977 1772 3014 debuit.

129 3034 208 3080 fug.
242 3045 317 3080 per
341 3035 384 3070 R.
417 3035 457 3070 S.
519 3035 582 3071 20.
613 3035 838 3082 yber-nicos
870 3035 981 3072 codd.
1055 3035 1234 3081 Regneri
1259 3036 1303 3070 Α.
1365 3036 1427 3071 22.
1461 3035 1512 3070 ab
1546 3035 1664 3081 helga
1693 3035 1774 3071 DV.

129 3091 194 3128 23.
225 3092 493 3138 serpencium
526 3092 568 3127 Α.
631 3094 695 3129 24.
728 3092 831 3128 dixit
862 3095 1023 3137 vnus(‘?)
1054 3093 1097 3128 Α.
1159 3093 1223 3128 25.
1255 3092 1339 3128 aris
1373 3092 1486 3128 DVS.

1807 1007 1846 1037 10

1807 1369 1846 1399 15

1804 1731 1846 1762 20

1802 2094 1844 2123 25
