2150 3584
557 218 851 247 COMPENDIVM
886 219 1084 248 SAxoms.
1134 221 1212 248 Lm.
1248 222 1289 249 vt
1667 213 1748 252 295

102 345 148 373 se
195 332 251 372 de
297 331 493 384 agricola
541 335 667 384 patre
713 336 870 372 natum
912 333 1184 388 rusticisque
1226 334 1461 375 laboribus
1501 340 1748 377 assuetum.

102 404 329 445 Laudauit
370 404 691 445 Starkatherus
738 415 881 456 genus
928 409 969 445 et
1015 409 1167 446 actum
1216 407 1326 459 eius,
1374 420 1426 448 eo
1475 409 1598 462 quod
1638 409 1750 449 liber

100 481 234 517 natus
275 477 392 517 iusto
434 476 589 517 labore
630 476 884 530 acquireret
923 477 1129 518 subsidia
1172 479 1272 519 vite.
1335 480 1564 520 Accedens
1597 481 1749 535 itaque

100 549 280 590 iuuenis
335 549 519 589 euulsas
572 548 799 590 viscerum
855 553 1004 602 partes
1060 550 1251 603 pristino
1310 552 1410 592 loco
1458 552 1650 593 restituit
1697 566 1749 594 ac

99 625 333 674 aperturas
368 620 535 661 ventris
568 621 794 661 viminum
828 622 1021 662 nexibus
1049 622 1287 674 conclusit,
1321 624 1484 664 deinde
1508 629 1745 678 exceptum

99 705 232 734 curru
267 706 420 734 senem
455 695 511 734 ad
546 693 719 734 curiam
753 694 870 746 regis
902 694 1053 745 duxit;
1087 695 1218 735 cuius
1250 696 1583 737 humanitatem
1613 710 1747 738 senex

98 778 398 806 remunerans
437 765 561 806 dedit
600 765 639 806 ei
686 779 969 819 purpureum
1013 767 1336 807 indumentum
1380 769 1464 808 sibi
1507 769 1565 809 ab
1607 769 1746 821 Helga

98 838 328 878 collatum.
393 838 567 879 Interea
603 838 743 890 Helga
783 838 934 879 virum
979 839 1172 890 monuit,
1219 844 1264 879 vt
1304 840 1348 880 in
1390 841 1536 881 reditu
1571 841 1746 882 Starka-

97 910 211 951 theri
245 910 331 951 sibi
364 915 559 959 caueret,
597 910 768 962 dicens,
809 912 933 964 quod
965 911 1011 951 in
1046 924 1151 952 eum
1183 911 1448 965 vindicaret,
1481 915 1604 967 quod
1638 918 1746 954 tem-

97 995 203 1036 pore
252 993 402 1036 pugne
449 982 628 1023 libidini
676 995 838 1024 vacare
884 983 1126 1033 voluisset,
1175 985 1511 1038 consuluitque,
1558 990 1603 1025 vt
1650 986 1745 1026 seni

97 1054 301 1096 redeunti
341 1055 504 1096 acriter
543 1059 813 1107 occurreret,
861 1056 967 1109 quia
1009 1055 1168 1096 solitus
1210 1060 1304 1097 erat
1335 1057 1529 1098 fortibus
1561 1071 1746 1111 parcere

96 1131 137 1169 et
168 1128 360 1180 ignauos
393 1127 531 1168 odire.
582 1127 722 1180 Igitur
754 1128 865 1168 dum
899 1141 1036 1168 senex
1068 1128 1243 1169 curiam
1274 1129 1498 1182 intrasset,
1531 1131 1745 1182 neglectis

95 1200 361 1241 vulneribus
407 1199 607 1240 cucurrit
653 1201 709 1240 ad
756 1201 1014 1240 thalamum
1062 1213 1115 1241 ac
1161 1201 1363 1242 hostium
1410 1213 1564 1255 pugno
1603 1203 1743 1255 fregit.

96 1272 178 1314 Cui
225 1285 470 1313 occurrens
518 1272 662 1324 Helgo
716 1273 870 1326 ipsum
923 1273 969 1313 in
1028 1273 1175 1326 capite
1220 1274 1419 1326 grauiter
1465 1275 1743 1325 vulnerauit3

95 1357 291 1399 cumque
324 1345 579 1385 secundum
607 1344 749 1385 ictum
775 1346 882 1386 dare
906 1345 1053 1397 vellet,
1088 1346 1230 1397 Helga
1256 1346 1474 1387 citissime
1499 1359 1743 1388 accurrens

95 1404 234 1458 ictum
267 1417 413 1471 clipeo
446 1417 633 1471 excepit,
665 1417 726 1457 ita
760 1419 884 1472 quod
917 1418 1057 1459 vmbo
1090 1431 1169 1471 per
1198 1419 1402 1459 medium
1435 1419 1614 1460 diuisus
1639 1420 1743 1466 fuit;

95 1489 248 1544 sicque
294 1489 540 1530 laudabilis
586 1489 778 1542 femina,
836 1495 882 1531 vt
937 1490 1154 1530 maritum
1212 1491 1424 1544 consilio,
1480 1492 1540 1532 ita
1587 1505 1743 1533 senem

94 1562 296 1603 amicum
356 1562 475 1603 facto
530 1562 736 1616 protexit.
829 1563 933 1614 Quo
994 1563 1112 1604 facto
1169 1563 1491 1605 Starkatherus
1550 1564 1742 1616 Helgoni

93 1634 302 1687 indulsit,
361 1634 517 1675 dicens
564 1647 669 1675 eum
716 1635 956 1687 indignum
1006 1636 1144 1688 mori,
1206 1636 1284 1689 qui
1330 1640 1455 1677 tanta
1503 1636 1742 1677 resistendi

92 1706 261 1748 fiducia
294 1707 579 1748 occurrisset.

179 1780 251 1820 IX.
315 1779 430 1821 Cum
478 1783 631 1820 autem
679 1779 882 1821 audisset
930 1781 1210 1833 Haldanum,
1258 1792 1408 1832 regem
1454 1780 1636 1833 Swecie,
1684 1782 1742 1822 ab

93 1851 256 1892 emulis
294 1851 596 1904 interfectum,
642 1852 911 1893 vulneribus
951 1854 1161 1894 nondum
1208 1853 1377 1894 curatis
1424 1853 1470 1893 in
1520 1853 1740 1894 Sweciam

91 1937 302 1965 reuersus
320 1924 591 1976 Siwardum,
623 1924 769 1965 filium
803 1925 1016 1978 Haldani,
1050 1925 1242 1966 deuictis
1277 1924 1522 1966 rebellibus
1554 1930 1740 1978 paterne

90 1996 427 2037 dominacionis
452 1997 668 2037 heredem
693 1997 939 2037 constituit.
988 1998 1121 2051 Apud
1156 2010 1293 2051 quem
1321 1997 1398 2038 diu
1426 2002 1739 2051 conuersatus,

91 2081 195 2109 cum
235 2068 413 2109 audiret
445 2069 666 2121 Ingellum
711 2082 804 2110 non
837 2070 987 2110 solum
1021 2081 1181 2110 necem
1214 2070 1355 2123 patris
1388 2070 1458 2110 sui
1491 2071 1526 2110 F
1530 2070 1740 2111 rothonis

91 2154 182 2182 non
222 2141 547 2193 vindicantem,
591 2154 750 2194 ymmo
791 2142 934 2183 eciam
977 2141 1285 2182 interfectores
1326 2142 1424 2182 eius
1456 2142 1665 2183 amicicia
1699 2147 1739 2182 et

89 2213 327 2254 fauoribus
354 2217 722 2267 prosequentem,
753 2213 1075 2266 indignacione
1102 2218 1337 2267 permotus
1362 2215 1545 2267 pondus
1568 2216 1738 2267 grande

90 2285 343 2327 carbonum
390 2286 597 2326 humeris
642 2289 822 2338 gestans
868 2285 915 2325 in
964 2286 1161 2326 Daniam
1209 2286 1355 2326 redire
1403 2286 1532 2339 cepit.
1601 2287 1738 2327 Inter-

88 2362 272 2410 rogatus
312 2358 369 2398 ab
402 2357 714 2410 obuiantibus,
761 2370 901 2411 quare
939 2362 1116 2398 tantum
1159 2371 1276 2399 onus
1319 2362 1531 2411 portaret,
1580 2359 1736 2411 Ingelli

175 2501 210 2538 2.
243 2511 374 2548 genus
406 2503 495 2538 eius
519 2505 557 2538 et
581 2505 720 2538 actum
739 2502 792 2547 V;
824 2511 954 2548 genus
980 2512 1102 2538 suum
1130 2505 1169 2538 et
1192 2504 1330 2537 actum
1349 2501 1425 2537 AS.
1488 2502 1597 2538 2—3.
1630 2502 1736 2538 liber

88 2560 149 2594 est
172 2561 294 2595 natus
311 2559 387 2595 AS.
451 2560 485 2596 4.
518 2559 710 2595 restituat
726 2558 803 2603 AS,
834 2559 903 2595 sed
936 2558 975 2594 in
1002 2558 1030 2594 S
1054 2560 1276 2594 correctum
1304 2559 1344 2594 in
1377 2559 1433 2595 -it.
1498 2560 1532 2594 7.
1567 2570 1588 2594 a
1616 2559 1732 2605 belga

88 2614 163 2650 AS.
234 2617 268 2652 8.
302 2617 465 2652 monuit
496 2617 633 2652 virum
667 2617 742 2653 AS.
816 2617 877 2652 10.
908 2615 1122 2652 consuluit
1153 2618 1195 2651 vt
1227 2615 1266 2651 S.
1341 2617 1402 2651 11.
1434 2616 1548 2662 quod
1582 2615 1655 2652 sol.
1688 2617 1730 2652 A.

90 2672 151 2708 12.
190 2673 323 2709 odiire
364 2674 408 2710 D.
487 2674 548 2709 13.
581 2673 796 2709 concurrit
830 2674 873 2709 D.
955 2673 1155 2708 talamum
1195 2672 1234 2708 S.
1317 2673 1470 2708 ostium
1514 2679 1650 2719 pugno
1689 2673 1733 2709 A.

91 2729 152 2764 15.
189 2729 318 2766 ictum
358 2741 435 2766 om.
476 2731 514 2767 S.
605 2730 806 2766 citissime
852 2740 1079 2765 accurrens
1125 2740 1203 2765 om.
1245 2729 1320 2765 AS.
1414 2730 1475 2766 16.
1513 2730 1591 2769 vrbo
1631 2728 1734 2770 sv2;

89 2785 195 2822 vbbo
228 2786 346 2833 V1D3
380 2788 476 2823 vlbo
509 2789 552 2824 A.
624 2787 684 2823 18.
715 2787 824 2823 facto
858 2790 963 2833 prot.
995 2787 1178 2822 amicum
1211 2786 1288 2822 AS.
1361 2787 1525 2822 18—19.
1560 2787 1734 2823 indulsit

33 2866 38 2870 -
87 2842 253 2889 helgoni
286 2844 326 2881 S.
418 2845 583 2881 19-20.
616 2844 1020 2891 quia..occurrisse
1052 2845 1096 2879 A.
1186 2843 1251 2879 21.
1285 2843 1475 2890 Cumque
1512 2847 1649 2879 autem
1683 2845 1733 2888 A;

87 2899 275 2947 Cumque
307 2901 346 2938 S.
408 2902 471 2938 23.
504 2912 702 2938 reuersus
734 2904 796 2937 est
828 2901 868 2937 S.
937 2901 1105 2936 24—25.
1139 2903 1416 2936 conuersatus
1449 2903 1519 2937 est.
1552 2901 1655 2936 Cum
1688 2902 1731 2936 A.

88 2956 151 2993 25.
198 2968 282 2994 non
323 2959 412 3004 DV,
459 2959 633 2995 omnino
678 2956 778 3007 (oto)
823 2958 900 2994 AS.
992 2957 1127 2994 solum
1176 2968 1253 2992 om.
1301 2957 1339 2993 S.
1430 2958 1495 2993 sui
1534 2968 1612 2993 om.
1652 2958 1729 2994 AS.

89 3013 311 3051 Frothonis
341 3026 419 3052 om.
447 3016 486 3053 S.
548 3016 610 3052 26.
646 3026 729 3051 non
761 3013 896 3058 ASD2‚
928 3025 1006 3050 om.
1043 3012 1150 3050 D1V.
1224 3025 1321 3060 ymo
1356 3015 1437 3050 DV.
1499 3015 1562 3051 27.
1594 3025 1732 3061 perse-

87 3075 280 3115 quentem
313 3072 356 3108 A.
435 3082 632 3119 magnum
666 3072 832 3119 pondus
866 3071 978 3108 carb.
1010 3070 1122 3107 VAS.

1460 3139 1526 3169 20*

1774 996 1815 1027 10

1772 1358 1811 1389 15

1769 1720 1811 1751 20

1766 2083 1807 2113 25
