2150 3584
55 1093 95 1125 10

55 1456 94 1487 15

52 2231 94 2262 20

53 2591 94 2624 2⁶

259 217 477 246 SVENONis
509 218 701 247 Acconis
734 219 837 248 ι-Ἲωι
873 219 1030 248 unEws
1063 220 1274 249 fflsronm
1310 222 1460 250 mecvm
1496 224 1627 251 mem
1690 212 1768 252 129

926 331 965 392 S

123 436 253 487 sitas;
300 441 463 478 nautas
504 451 688 492 quoque
720 438 924 491 singulos
957 438 1095 479 trium
1130 453 1390 482 marcarum
1425 444 1612 495 urgebat
1643 444 1768 485 satis-

123 508 272 561 factio,
304 522 357 550 eo
389 511 509 563 quod
544 510 660 563 regis
686 510 934 551 exercitum
958 511 1228 564 dissipando
1253 514 1569 556 destruxerint.
1618 516 1767 567 Quem

122 581 231 622 dum
267 581 374 634 legis
406 582 552 635 rigore
584 595 773 623 censum
807 583 1010 635 singulas
1043 584 1235 625 uisitans
1268 587 1531 639 prouincias
1560 588 1767 640 exigeret,

123 653 372 694 exactionis
409 667 433 695 a
475 655 714 696 Wandalis
753 655 991 696 inchoauit
1031 656 1295 709 primordia.
1359 660 1458 710 Que
1497 671 1606 711 gens
1652 661 1767 701 dura

122 729 163 766 et
211 725 449 780 indomita,
495 727 754 768 innocentis
800 728 958 769 sitiens
1004 740 1228 779 cruorem,
1278 743 1360 784 pro
1407 744 1546 772 censu
1594 732 1766 773 rabiem

122 797 410 839 ministrauit.
473 799 654 853 Quippe
700 804 825 841 tanta
868 801 1160 854 popularium
1204 803 1337 843 turba
1377 804 1672 856 confluxerat,
1720 808 1768 845 ut

121 882 177 910 ne
208 870 373 912 unicus
403 871 605 925 quidem,
638 872 714 926 qui
748 872 934 927 proprio
966 874 1183 925 gauderet
1213 875 1462 926 domicilio,
1498 878 1766 918 remanendi

121 942 306 983 haberet
337 944 688 996 prerogatiuam.
751 945 962 996 Quorum
997 957 1103 986 cum
1134 959 1213 987 rex
1244 948 1541 1001 comperisset
1572 949 1767 990 insolen-

120 1014 244 1067 tiam,
287 1015 499 1057 instantis
536 1016 749 1057 maleficii
781 1017 1071 1058 occasionem
1104 1019 1332 1060 declinare
1365 1021 1534 1062 statuit.
1595 1023 1765 1063 Verum

121 1087 482 1140 preuaricatores
521 1089 666 1130 hostis
704 1089 881 1143 antiqui
919 1089 1142 1131 Satanicis
1189 1092 1557 1144 suggestionibus
1602 1094 1767 1135 imbuti

119 1158 166 1199 in
219 1163 357 1212 caput
410 1160 527 1213 regis
579 1161 841 1215 deseuiunt,
904 1162 1125 1217 plebsque
1181 1164 1374 1217 profana
1430 1165 1626 1220 principi
1680 1181 1764 1208 suo

118 1231 292 1272 lethum
339 1232 643 1274 machinatur.
735 1234 913 1275 Sinistri
960 1235 1129 1289 quippe
1174 1237 1375 1278 rumoris
1422 1237 1544 1279 sama
1594 1239 1764 1294 ubique

119 1303 324 1345 locorum
358 1304 597 1358 increbuit,
628 1305 743 1358 regis
776 1306 987 1348 seuitiam
1018 1307 1280 1360 ingentibus
1311 1309 1491 1350 iniuriis
1523 1315 1564 1351 et
1596 1311 1766 1351 calum-

120 1364 216 1417 niisv
261 1377 524 1419 uniuersam
580 1378 705 1431 regni
762 1379 832 1420 sui
888 1383 1066 1432 gentem
1114 1381 1409 1423 exacerbasse
1456 1386 1498 1423 et
1543 1383 1600 1423 ad
1648 1383 1762 1424 iram

119 1461 406 1502 prouocasse.
455 1451 549 1491 Nec
581 1451 707 1504 prius
739 1451 974 1505 plebecule
1006 1453 1156 1494 rabies
1182 1453 1355 1494 furiosa
1381 1456 1591 1508 cessauit,
1623 1468 1762 1510 quam

118 1524 210 1561 tota
241 1521 365 1563 Jutia
397 1523 639 1577 expulsum
672 1524 790 1564 ultra
823 1524 1027 1565 medium
1059 1525 1302 1566 transitum
1334 1526 1587 1568 Othoniam
1620 1540 1764 1582 usque

119 1598 509 1648 persequerentur.
558 1595 646 1636 Ubi
672 1595 861 1637 illustris
893 1597 1106 1651 princeps
1139 1602 1180 1639 et
1211 1599 1267 1638 de
1299 1600 1443 1652 patria
1478 1613 1560 1640 sua
1593 1600 1763 1653 optime

121 1666 329 1720 meritus,
399 1668 618 1721 martyrio
679 1672 944 1721 coronatus,
1012 1670 1217 1712 animam
1279 1671 1617 1713 sanctissimam
1679 1673 1763 1713 deo

119 1739 308 1780 creatori
341 1740 697 1781 commendauit.

812 2119 936 2164 CAP.
968 2119 1066 2160 XII.

211 2189 344 2286 Quo
386 2225 601 2267 defuncto
640 2226 776 2267 frater
814 2226 960 2280 ipsius
999 2227 1176 2268 Olauus
1216 2226 1264 2266 in
1304 2225 1428 2278 regni
1462 2226 1623 2266 Danici
1664 2239 1762 2267 suc-

119 2297 371 2338 cessionem
414 2302 689 2351 surrogatur.
754 2298 894 2339 Cuius
940 2298 1226 2352 temporibus
1273 2298 1417 2338 fames
1464 2298 1606 2339 extitit
1653 2299 1762 2339 uali-

118 2368 328 2422 dissima,
374 2371 488 2411 adeo
535 2370 692 2422 etiam,
744 2375 791 2411 ut
839 2371 1040 2423 uulgaris
1085 2384 1190 2411 eum
1238 2370 1427 2411 assertio
1475 2371 1759 2411 Famelicum

119 2446 416 2496 nuncuparet.
507 2443 573 2483 Ab
621 2442 759 2483 Olaui
812 2455 999 2483 excessu
1056 2442 1192 2483 frater
1246 2441 1343 2482 eius
1395 2442 1557 2483 Ericus
1605 2444 1760 2483 Bonus

118 2511 364 2567 imperium
396 2514 610 2568 capessit3
642 2514 721 2568 qui
753 2518 795 2555 et
826 2514 950 2554 iuxta
982 2515 1219 2555 solennem
1251 2514 1381 2554 istius
1413 2514 1555 2555 seculi
1584 2528 1759 2555 morem

119 2585 266 2626 crucis
296 2586 491 2638 insignia
517 2585 726 2639 suscepit.
777 2585 896 2626 Hinc
911 2586 1250 2640 Jerosolymam
1275 2586 1504 2639 profectus
1537 2588 1582 2626 in
1614 2586 1759 2627 reditu

118 2656 210 2698 fato
241 2658 464 2699 concessit
495 2658 633 2712 inque
665 2657 816 2711 Cypro
849 2658 1000 2698 insula
1032 2658 1314 2711 sepulturam
1348 2662 1508 2699 nactus
1542 2662 1618 2699 est.
1677 2658 1759 2698 Hic

118 2729 243 2781 regni
272 2734 476 2784 tempore
508 2741 727 2782 generosa
758 2734 971 2771 natorum
1006 2730 1176 2781 sobole,
1222 2731 1324 2771 licet
1364 2731 1504 2771 uariis
1546 2730 1760 2782 hymenei

120 2841 386 2879 sufficienter.
477 2843 526 2879 14
550 2853 632 2889 sqq.
675 2842 745 2889 cfr.
784 2842 852 2879 vit.
883 2842 920 2879 S.
952 2842 1000 2878 D.
1028 2854 1068 2889 p.
1103 2842 1337 2890 103‚1sqq.
1432 2844 1491 2879 15.
1525 2842 1760 2879 exarbasse.

124 2898 172 2934 16
203 2909 258 2946 sq.
301 2898 566 2946 prouerbium
612 2900 858 2946 medioeuale,
907 2899 976 2945 cfr.
1023 2899 1058 2936 J.
1097 2899 1269 2945 Werner,
1318 2900 1404 2936 Lat.
1451 2899 1645 2946 Sprichw.
1692 2899 1759 2935 des

122 2953 364 2993 Miltelalters
398 2967 437 3003 p.
478 2956 544 3002 31,
572 2956 634 2993 17.
729 2958 789 2993 17.
829 2957 1046 2994 dederunt.
1140 2958 1203 2993 18.
1243 2957 1338 2993 Stet.
1430 2958 1492 2993 24.
1534 2957 1759 2992 fandicum.

121 3010 250 3049 fames
295 3014 551 3060 septuennis,
595 3013 666 3060 cfr.
715 3013 849 3050 Genes.
895 3013 960 3059 41,
990 3013 1052 3051 30.
1082 3013 1144 3050 54.
1235 3014 1299 3050 26.
1345 3024 1513 3050 crucem
1560 3015 1642 3058 etc,
1688 3012 1759 3058 cfr.

120 3067 215 3106 Luc.
250 3069 392 3116 14527.
468 3071 531 3107 28.
564 3070 784 3117 segastulo.

188 3149 288 3179 script.
310 3150 373 3174 hist.
396 3150 465 3174 Dan.
488 3151 621 3176 minores,
1534 3138 1553 3168 9
