2150 3584
528 198 822 228 εοΜΡΕΝοινΜ
857 198 1055 228 SAxOle.
1105 199 1187 228 Lm.
1223 200 1268 228 ιιι
1638 189 1720 229 243

77 314 279 356 edulium
303 313 582 354 fortitudinis
605 316 846 366 apportare
870 313 1096 362 solebant;
1129 326 1243 366 quas
1273 313 1440 353 cursim
1477 314 1720 368 insequens

78 387 130 428 ad
163 386 494 427 domunculam
528 385 709 425 illarum
744 385 878 426 venit.
928 385 1234 436 Interrogatus
1264 386 1321 425 ab
1346 386 1423 437 eis,
1456 386 1558 439 quis
1591 390 1719 435 esset,

77 459 360 500 citharedum
402 470 448 498 se
479 457 612 509 dixit,
660 457 890 510 allatoque
930 457 1017 497 sibi
1060 457 1236 497 musico
1269 457 1572 499 instrumento
1606 460 1719 498 adeo

75 535 253 584 gratum
288 530 583 571 modulamen
616 530 827 581 reddidit,
869 533 915 570 vt
946 530 1143 583 quedam
1178 529 1360 570 illarum
1395 530 1479 570 sibi
1514 531 1716 571 edulium

77 603 255 644 Balderi
287 602 630 643 communicare
662 602 840 643 vellent.
892 602 976 642 Sed
997 601 1143 641 maior
1166 614 1321 641 carum
1350 602 1535 654 obstitit,
1564 603 1719 643 dicens
1747 610 1765 639 5

77 675 282 716 fraudem
317 674 412 715 fieri
449 675 655 722 Baldero,
704 675 738 714 si
780 674 900 714 hosti
943 673 1040 713 eius
1080 673 1167 713 tale
1212 673 1415 714 edulium
1450 675 1718 715 conferrent.

75 747 164 798 Qui
203 759 307 788 cum
351 760 398 788 se
439 760 530 787 non
566 747 820 788 Hotherum
857 747 934 786 sed
967 746 1064 786 eius
1098 745 1310 786 comitem
1345 751 1584 798 assereret,
1628 761 1717 787 non

75 820 223 861 solum
269 820 497 872 edulium,
544 820 620 860 sed
671 819 814 860 eciam
857 831 1021 859 zonam
1063 821 1292 870 potentem
1327 819 1513 859 victorie
1546 820 1721 859 eicon-

74 892 287 933 tulerunt.
364 892 455 942 Qui
501 904 605 932 cum
654 892 710 932 ad
758 895 905 932 castra
952 890 1099 930 redire
1143 890 1276 930 vellet
1315 904 1394 943 per
1440 891 1583 944 viam,
1630 906 1719 945 qua

73 968 270 1016 venerat,
303 964 495 1005 obuium
529 964 615 1004 sibi
636 965 881 1004 Balderum
914 963 960 1003 in
995 963 1132 1003 latere
1164 964 1424 1003 vulnerauit
1457 968 1497 1004 et
1530 965 1719 1005 semine-
1750 975 1788 1004 10

74 1049 171 1077 cem
205 1036 399 1090 reliquit.
475 1038 529 1076 At
571 1036 902 1077 nichilominus
941 1035 1148 1088 sequenti
1189 1035 1261 1075 die
1295 1036 1515 1077 Balderus
1548 1037 1718 1077 bellum

75 1109 316 1149 instaurari
358 1109 559 1162 precepit
599 1121 653 1149 ac
687 1109 733 1149 in
766 1108 924 1149 lectica
958 1120 1004 1148 se
1037 1107 1082 1147 in
1115 1107 1259 1147 aciem
1293 1108 1458 1148 deferri
1492 1109 1616 1159 fecit,
1666 1123 1719 1149 ne

74 1181 190 1222 intra
236 1181 584 1222 tabernaculum
633 1182 826 1222 obscure
866 1180 983 1220 mori
1024 1180 1263 1221 videretur.
1343 1180 1555 1234 Sequenti
1589 1186 1719 1222 nocte

74 1253 113 1294 ei
147 1254 419 1307 Proserpina
459 1254 690 1307 apparuit,
737 1254 894 1294 (licens
933 1266 1035 1293 eum
1086 1255 1187 1305 post
1234 1253 1436 1293 triduum
1487 1253 1581 1293 suis
1628 1267 1720 1293 am-

75 1326 284 1379 plexibus
301 1326 690 1379 coniungendum,
723 1327 877 1380 sicque
905 1325 1075 1365 factum
1109 1328 1193 1369 est;
1228 1338 1333 1365 nam
1369 1330 1470 1378 post
1501 1330 1590 1366 tres
1622 1327 1717 1366 dies
1748 1334 1785 1365 15

75 1398 286 1451 spiritum
334 1399 551 1451 exalauit,
610 1411 868 1452 corpusque
915 1397 1012 1438 eius
1058 1397 1176 1437 sacto
1225 1409 1391 1450 magno
1439 1398 1552 1438 colle
1601 1399 1716 1439 Dani

75 1470 361 1524 sepelierunt.
439 1472 587 1522 Quem
628 1472 791 1512 collem
832 1483 936 1511 cum
982 1470 1121 1524 aliqui
1156 1474 1312 1523 postea
1345 1470 1401 1510 ad
1435 1471 1578 1511 multa
1611 1476 1718 1511 tem-

74 1556 184 1596 pora
217 1544 392 1597 aperire
425 1545 602 1596 vellent,
635 1544 869 1585 credentes
901 1543 1168 1583 thesaurum
1195 1543 1414 1594 inuenire,
1447 1556 1525 1596 per
1550 1544 1718 1596 dyabo-

74 1615 183 1655 licas
214 1616 450 1657 illusiones
482 1617 545 1657 ibi
577 1617 691 1657 adeo
724 1616 863 1656 territi
897 1615 1094 1667 fuerunt,
1141 1616 1263 1668 quod
1298 1616 1450 1655 nullus
1483 1616 1538 1656 de
1570 1621 1717 1656 cetero

75 1700 178 1728 eum
211 1688 415 1729 infodere
448 1689 753 1742 presumebat.
1744 1699 1785 1730 20

159 1761 208 1801 V.
271 1761 421 1802 Othen
454 1775 576 1814 vero,
622 1774 904 1816 quamquam
947 1761 1136 1800 deorum
1183 1760 1427 1812 precipuus
1459 1761 1716 1813 haberetur,

75 1832 257 1873 diuinos
303 1837 457 1874 tamen
504 1837 546 1874 et
591 1834 826 1887 aruspices
871 1845 1171 1888 quoscunque
1218 1833 1470 1885 consuluit,
1523 1835 1718 1888 qualiter

75 1903 220 1944 filium
254 1918 388 1946 suum
424 1906 668 1946 Balderum
702 1907 905 1946 occisum
940 1905 1172 1945 vindicare
1205 1908 1368 1957 posset.
1427 1905 1509 1945 Cui
1544 1906 1718 1946 Rostio-

75 1976 195 2028 phus
227 1977 480 2018 Phinnicus
513 1978 708 2031 predixit
750 1978 892 2018 alium
933 1978 1078 2017 filium
1128 1990 1181 2017 ex
1215 1977 1384 2029 Binda,
1433 1978 1715 2018 Rutenorum

73 2049 189 2101 regis
220 2049 337 2101 filia,
380 2050 712 2102 suscitandum,
754 2050 832 2104 qui
876 2049 1164 2091 vlcisceretur
1197 2062 1352 2090 necem
1389 2050 1550 2090 fratris.
1613 2051 1715 2100 Quo
1742 2062 1784 2092 25

73 2121 229 2162 audito
248 2121 400 2163 Othen
433 2123 564 2176 quasi
590 2122 914 2175 stipendiarius
946 2123 1000 2162 ad
1036 2122 1290 2175 predictum
1324 2133 1474 2173 regem
1507 2122 1714 2169 accessit;

73 2205 97 2232 a
130 2206 221 2247 quo
253 2195 466 2246 magister
497 2195 693 2235 militum
727 2195 914 2235 effectus
945 2199 1125 2247 recepto
1159 2195 1356 2234 exercitu
1390 2194 1626 2235 victoriam
1660 2196 1715 2235 de

74 2265 282 2307 hostibus
327 2267 491 2308 retulit.
569 2267 676 2307 Post
722 2268 957 2307 modicum
1003 2270 1185 2319 tempus
1236 2267 1398 2306 iterum
1447 2266 1543 2319 ipse
1590 2267 1715 2307 solus

162 2372 193 2408 1.
234 2372 360 2409 fortit.
399 2373 508 2409 edul.
543 2373 583 2410 S.
675 2384 780 2419 quas
820 2375 873 2418 A,
920 2384 1058 2419 quam,
1106 2375 1148 2408 ut
1186 2372 1275 2417 vid„
1320 2373 1410 2417 DV;
1456 2383 1635 2418 quarum
1677 2373 1715 2409 S.

73 2438 242 2464 cursum
266 2429 343 2466 AS.
404 2430 438 2466 2.
472 2430 644 2466 domum
676 2430 812 2466 culam
828 2433 866 2475 (t)
898 2431 940 2466 V.
1002 2441 1144 2466 earum
1178 2431 1221 2465 A.
1287 2430 1322 2466 3.
1356 2430 1630 2475 cytliaredum
1665 2431 1717 2474 A;

73 2486 305 2522 cithareum
339 2487 377 2523 S.
453 2487 577 2523 allato
610 2487 754 2533 scrIpsi
785 2487 940 2532 (oblato
972 2487 1111 2531 Saxo);
1160 2487 1274 2522 illato
1307 2487 1430 2531 DVS;
1477 2487 1636 2523 illatum
1672 2489 1714 2522 A.

75 2543 108 2577 4.
153 2547 312 2589 gratam
362 2544 698 2580 modulacionem
747 2544 786 2581 S.
891 2546 925 2580 5.
980 2545 1150 2580 obstetit
1203 2544 1240 2579 S.
1346 2544 1382 2580 6.
1440 2543 1538 2579 ferri
1597 2545 1715 2580 DVA.

75 2599 182 2637 8-9.
227 2602 497 2638 contulerunt
543 2603 579 2637 ei
626 2602 701 2637 AS.
797 2603 856 2637 11.
906 2602 1034 2637 nichil
1081 2601 1254 2637 omnino
1301 2601 1339 2637 S.
1434 2604 1634 2647 sequente
1681 2602 1713 2636 V

73 2656 178 2700 (item
215 2659 291 2703 13).
355 2660 417 2695 12.
452 2660 492 2694 in
526 2659 613 2694 acie
639 2660 682 2695 D.
750 2660 808 2694 14.
841 2659 1107 2705 postriduum
1138 2658 1177 2694 S.
1244 2659 1409 2696 14—-15.
1443 2658 1712 2704 amplexioni-

74 2713 151 2750 bus
183 2715 223 2751 S.
287 2716 350 2752 16.
384 2716 581 2752 exaltauit
604 2717 648 2752 A.
708 2715 817 2752 facto
849 2726 927 2752 om.
952 2717 996 2751 A.
1060 2716 1120 2751 18.
1153 2716 1348 2761 apperire
1379 2714 1456 2750 VS.
1528 2715 1637 2751 cred.
1669 2726 1712 2751 se

73 2772 318 2808 thezaurum
352 2783 475 2819 posse
508 2773 696 2809 inuenire
728 2772 804 2809 AS.
871 2773 929 2808 19.
961 2772 1019 2808 illi
1054 2773 1092 2808 S.
1167 2775 1265 2808 sunt
1296 2773 1340 2807 A.
1418 2772 1582 2808 19-20.
1617 2783 1710 2808 eum

24 2849 30 2853 -
73 2828 123 2864 de
152 2833 290 2866 cetero
324 2830 364 2866 S.
456 2831 520 2866 20.
552 2830 610 2865 ibi
648 2832 742 2876 (pro
784 2827 896 2877 eum)
936 2829 1079 2865 fodere
1119 2831 1164 2872 A,
1210 2829 1280 2875 qui
1315 2829 1459 2864 deinde
1498 2829 1538 2864 in
1580 2840 1710 2875 mal-9.

73 2885 207 2922 habet:
260 2897 340 2923 XIx.
389 2887 554 2923 Otthen.
661 2888 723 2923 21.
772 2887 926 2933 precip.
973 2887 1148 2922 deorum
1197 2886 1237 2922 S.
1341 2886 1403 2922 22.
1451 2886 1615 2932 qualem
1674 2886 1711 2921 S.

75 2942 239 2979 23--24.
271 2944 548 2990 rosthiophus
573 2945 617 2980 V.
691 2945 754 2980 24.
788 2944 943 2990 phynn.
967 2945 1018 2989 A;
1051 2944 1231 2979 finnicus
1264 2943 1303 2979 S.
1376 2945 1591 2986 teu-(teo-)
1612 2944 1714 2978 toni-

74 3010 218 3036 corum
258 3001 334 3037 AS.
424 3002 486 3037 27.
526 2997 645 3047 ffigitls
690 3004 753 3045 (Ξ
776 3002 823 3045 A)
870 3012 921 3036 m.
968 3002 1165 3047 princeps
1212 3000 1274 3035 eff.
1308 2999 1360 3036 S.
1451 3000 1513 3035 28.
1561 3000 1711 3035 iterum

75 3059 237 3104 tempus
268 3058 345 3094 AS.
