2150 3584
291 1007 331 1038 10

290 1372 330 1403 15

290 1736 332 1767 20

291 2101 334 2131 25

291 2466 334 2496 30

361 220 444 259 400
702 231 977 259 SCRIPTORES
1010 226 1235 260 fflsro‘mAE
1267 232 1443 260 DANICAE
1475 232 1673 261 MINORES

362 344 642 386 Skialmonis
687 344 907 385 iniustam
952 344 1066 386 tanti
1111 345 1196 387 viri
1238 358 1398 386 necem
1444 345 1744 399 querimoniis
1791 347 2009 399 grauibus

361 430 517 458 coram
544 417 716 471 populo
741 417 1014 471 detulerunt,
1046 418 1250 459 tunicam
1285 418 1382 458 eius
1413 418 1568 459 multis
1594 419 1706 459 locis
1731 419 2005 472 perforatam

360 490 578 530 omnibus
603 490 905 531 ostendentes.
955 490 1185 531 Haraldus
1210 490 1355 531 eciam
1381 494 1422 532 et
1440 491 1615 542 Ericus‚
1647 491 1807 532 fratres
1826 492 2008 545 Kanuti,

360 575 454 603 non
487 562 723 603 modicum
755 554 1004 603 fraternam
1030 576 1189 604 necem
1215 576 1372 604 coram
1397 564 1569 617 populo
1596 564 2006 618 conquerebantur.

359 634 484 675 Adeo
530 634 667 687 igitur
712 636 912 689 populus
958 636 1015 676 ad
1061 635 1313 676 vindictam
1359 635 1573 677 incitatus
1616 635 1713 688 fuit,
1759 637 1884 691 quod
1929 649 2009 677 rex

359 719 626 760 comparere
671 721 765 748 non
812 708 1030 759 audebat3
1070 721 1171 762 per
1216 709 1437 749 Ascerum
1484 712 1659 761 autem,
1713 709 2008 750 Lundensem

359 779 774 834 archiepiscopum,
820 794 899 822 rex
937 781 1123 822 tandem
1166 781 1377 835 optinuit,
1423 784 1470 822 vt
1509 794 1666 822 secure
1697 782 1755 822 ad
1787 781 2007 835 placitum

360 852 598 904 Ringstath
643 852 798 894 venire
843 857 1009 907 posset.
1101 853 1187 895 Vbi
1236 866 1342 895 cum
1391 853 1552 895 Ericus
1599 855 1654 894 de
1705 866 1814 895 nece
1859 854 2009 895 fratris

358 925 699 980 querimoniam
744 926 930 979 faceret,
982 926 1183 980 populus
1228 926 1467 968 communi
1513 926 1851 980 dampnacione
1897 939 2009 980 pace

358 997 559 1051 priuauit
603 997 718 1038 tanti
764 998 850 1039 viri
896 999 1162 1052 occisorem,
1208 1012 1377 1053 rexque
1425 1000 1692 1052 compulsus
1739 1002 1805 1039 est
1843 999 2008 1053 iurare,

357 1072 481 1125 quod
522 1084 627 1112 eum
667 1083 848 1124 semper
885 1071 1047 1112 vitaret
1086 1085 1140 1112 ac
1171 1073 1226 1113 de
1261 1071 1407 1125 patria
1438 1071 1754 1125 proscriberet,
1801 1084 1885 1113 nec
1916 1086 2010 1113 vm-

358 1156 499 1196 quam
531 1147 837 1197 reuocaretur,
883 1148 1132 1198 antequam
1176 1158 1201 1185 a
1234 1145 1406 1198 populo
1439 1143 1524 1184 sibi
1557 1144 1689 1184 venia
1720 1144 2007 1186 tribueretur.

361 1216 499 1268 Igitur
541 1217 734 1269 Magnus
778 1217 826 1257 in
866 1216 1096 1269 Gothiam,
1142 1217 1218 1258 vbi
1264 1230 1343 1258 rex
1389 1217 1536 1258 fuerat
1580 1216 1740 1269 factus,
1786 1221 2006 1271 tanquam

358 1289 462 1329 exul
493 1289 626 1342 fugit3
658 1302 737 1330 rex
768 1302 890 1342 vero,
922 1293 1051 1343 pater
1082 1290 1192 1341 eius,
1225 1290 1272 1330 in
1303 1290 1487 1331 Juciam
1520 1289 1768 1342 nauigauit.

444 1362 563 1403 VIII.
641 1362 773 1402 Tunc
818 1363 1029 1416 quidam,
1084 1363 1162 1416 qui
1209 1362 1546 1416 conspiratores
1592 1375 1699 1403 cum
1747 1363 1914 1415 Magno
1960 1363 2006 1404 in

358 1447 516 1475 necem
538 1435 706 1476 Kanuti
731 1436 925 1487 fuerant,
957 1435 1048 1488 regi
1076 1435 1303 1486 dicebant,
1337 1436 1460 1489 quod
1494 1434 1659 1476 melius
1691 1435 1810 1476 mori
1841 1440 2008 1489 posset,

358 1521 498 1562 quam
543 1507 727 1548 vnicum
770 1507 918 1548 filium
959 1512 1000 1549 et
1039 1508 1161 1561 regni
1205 1521 1517 1549 successorem
1558 1509 1623 1548 sic
1655 1511 1779 1548 extra
1810 1508 2007 1561 patriam

358 1580 661 1634 proscriberet
699 1585 883 1634 propter
915 1581 1164 1622 clamorem
1196 1581 1359 1622 vilium
1391 1580 1688 1631 rusticorum3
1731 1585 2008 1635 quapropter

358 1653 675 1706 hortabantur,
720 1657 767 1694 vt
806 1653 955 1694 filium
995 1653 1256 1694 inconsulto
1303 1654 1475 1707 populo
1517 1657 1764 1695 reuocaret.
1828 1654 2007 1704 Quibus

359 1739 437 1767 rex
469 1726 673 1780 perfidus
705 1726 1005 1767 consenciens
1037 1730 1194 1767 contra
1226 1726 1538 1767 iuramentum
1576 1726 1724 1767 filiuni
1758 1726 2006 1767 reuocauit.

360 1800 427 1840 De
459 1798 590 1839 cuius
621 1799 770 1840 reditu
804 1799 928 1853 prior
959 1798 1129 1840 sedicio
1160 1803 1381 1840 renouata
1414 1799 1515 1849 fuit3
1563 1812 1671 1839 nam
1706 1799 1935 1840 Haraldus
1966 1803 2008 1839 et

360 1872 522 1913 Ericus
561 1883 713 1924 regem
755 1870 1105 1925 proclamabant
1142 1872 1324 1925 publice
1356 1871 1583 1925 perfidum
1618 1875 1660 1912 et
1688 1872 1921 1925 periurum
1955 1884 2009 1912 ac

359 1944 601 1997 indignum
634 1945 809 1985 honore
840 1944 978 1997 regio,
1021 1944 1095 1985 cui
1128 1944 1242 1985 fides
1275 1945 1401 1985 nulla
1433 1948 1562 1985 esset.
1625 1945 1830 1998 Populus
1862 1944 2006 1985 eciam

360 2021 518 2059 contra
557 2028 708 2069 regern
751 2021 1029 2071 prouocatus
1072 2017 1192 2058 dicto
1241 2017 1388 2069 Erico,
1435 2017 1562 2058 fratri
1609 2017 1791 2067 Kanuti,
1837 2029 2007 2058 nomen

361 2090 534 2143 regium
567 2090 850 2144 optulerunt,
883 2103 977 2130 non
1007 2089 1130 2130 enim
1158 2090 1414 2131 Haraldum
1447 2090 1607 2142 eligere
1639 2090 1867 2142 volebant,
1900 2089 2006 2143 quia

360 2176 453 2204 non
501 2163 651 2204 solum
699 2175 870 2203 auarus
917 2162 994 2203 sed
1042 2162 1187 2203 eciam
1226 2166 1450 2216 tyrannus
1491 2166 1598 2215 erat,
1645 2166 1693 2204 vt
1730 2163 1903 2204 dictum
1943 2165 2009 2202 est

360 2235 499 2289 prius.
564 2235 725 2276 Ericus
768 2239 922 2275 autem
969 2248 1140 2276 nomen
1186 2235 1303 2287 regis
1348 2235 1603 2288 recusabat,
1650 2236 1801 2276 donec
1834 2234 2005 2288 aliquid

360 2321 442 2361 pro
490 2307 667 2349 vlcione
714 2308 838 2349 necis
883 2307 1080 2349 fraterne
1125 2307 1314 2348 viriliter
1360 2308 1534 2361 egisset.
1626 2308 1825 2349 Collecto
1873 2306 2009 2359 igitur

361 2380 558 2421 exercitu
599 2380 646 2421 in
685 2380 868 2422 Juciarn
909 2384 1067 2421 contra
1113 2391 1265 2433 regem
1308 2381 1443 2422 venit.
1506 2380 1717 2423 Occurrit
1763 2379 1801 2420 ei
1840 2380 2009 2430 Thoro,

362 2453 605 2506 episcopus
638 2453 862 2506 Ripensis,
896 2453 1051 2494 multis
1084 2453 1337 2494 mendaciis
1369 2453 1408 2494 ei
1439 2453 1735 2507 persuadens,
1777 2453 1899 2507 quod
1931 2465 2010 2492 rex

361 2539 547 2566 omnem
595 2526 877 2566 voluntatem
926 2526 1023 2566 eius
1063 2525 1256 2566 libenter
1296 2525 1444 2567 facere
1483 2526 1635 2578 vellet,
1683 2525 1807 2579 quod
1848 2524 2010 2565 Ericus

360 2599 550 2638 credens
596 2611 756 2639 verum
804 2611 915 2649 esse,
963 2611 1015 2638 ac
1062 2598 1275 2652 precibus
1321 2598 1524 2652 episcopi
1570 2598 1729 2648 flexus,
1783 2597 2007 2650 impetum

449 2751 483 2787 1.
529 2749 779 2797 rkyalmonis
811 2749 863 2795 Α;
911 2750 1131 2786 skelmonis
1171 2750 1212 2795 S,
1256 2761 1358 2786 corr.
1398 2750 1438 2786 in
1483 2749 1705 2786 tkilmonis.
1796 2750 1830 2786 3.
1874 2749 2006 2785 eciam

361 2819 437 2843 om.
486 2807 562 2844 As.
663 2806 832 2842 hericus
879 2807 923 2844 V.
1015 2808 1050 2844 5.
1097 2808 1210 2844 Adeo
1258 2817 1355 2854 ergo
1402 2807 1479 2843 AS.
1570 2807 1604 2843 6.
1651 2810 1789 2842 autem
1836 2817 1914 2842 om.
1962 2807 2007 2843 A.

364 2865 398 2903 8.
434 2864 650 2910 ringstadh
684 2863 731 2908 ὃς
763 2863 962 2910 ringstaed
994 2865 1037 2900 Α.
1106 2865 1140 2901 9.
1174 2865 1451 2901 damnacione
1481 2864 1520 2900 S.
1596 2865 1655 2900 11.
1688 2875 1872 2910 vnquam
1905 2874 2006 2900 corr.

362 2933 411 2958 ex
436 2928 618 2968 nuquam
638 2922 676 2958 S.
742 2921 803 2957 12.
824 2921 1129 2957 retribueretur
1145 2923 1190 2958 V.
1253 2922 1316 2958 13.
1339 2921 1473 2958 factus
1493 2922 1617 2957 fuerit
1634 2921 1675 2958 S.
1739 2921 1802 2957 14.
1822 2920 1939 2957 exsul
1959 2921 2003 2957 D.

366 2980 427 3016 15.
461 2979 633 3026 quidam
666 2989 744 3015 om.
777 2978 816 3013 S.
909 2979 970 3015 17.
1003 2979 1165 3023 iuxtao)
1198 2979 1376 3025 patriam
1411 2979 1450 3015 S.
1534 2979 1596 3015 18.
1629 2978 1895 3024 proscribere
1929 2977 2005 3014 DS.

365 3037 424 3073 19.
464 3037 503 3072 in
544 3036 739 3073 consulto
781 3036 863 3072 DV.
954 3036 1017 3072 20.
1056 3037 1228 3082 perfidis
1269 3047 1370 3072 corr.
1403 3046 1452 3072 ea:
1490 3035 1650 3083 perfido
1684 3035 1723 3072 S.
1813 3035 1876 3071 22.
1917 3045 2004 3082 per-

361 3093 517 3130 iurium
550 3094 593 3131 A.
655 3093 718 3130 25.
751 3093 996 3130 obtulerunt
1028 3093 1067 3130 S.
