2150 3584
668 208 928 236 CHRONJCON
963 208 1228 237 LETHRENSE
1711 202 1763 241 45

123 321 256 375 primi
296 321 491 369 Cesaris;
538 322 594 361 ad
642 334 777 375 quem
823 321 919 374 ipse
961 322 1191 373 Augustus
1238 324 1423 364 collecta
1474 326 1763 367 multitudine

123 394 270 448 primo
317 394 620 434 constituebat
668 393 820 446 prelia.
891 393 1072 444 Quibus
1118 395 1375 436 resistentes
1415 397 1608 437 Jutones
1652 399 1764 449 Dan,

122 465 314 520 principi
334 466 620 515 Withesleth‚
654 467 1005 516 nunciauerunt,
1039 470 1086 506 ut
1113 467 1176 506 eis
1204 468 1375 508 veniret
1399 469 1442 508 in
1471 469 1762 510 adiutorium.

121 538 223 589 Quo
277 538 447 579 nuncio
496 539 595 578 Dan
651 550 817 591 magno
873 538 1070 591 repletus
1122 540 1289 590 gaudio
1347 554 1454 580 suos
1502 554 1764 582 conuocans

121 610 342 651 exercitus
390 610 486 651 sine
534 624 661 651 mora
710 611 983 664 procedebat
1031 612 1085 651 ad
1135 612 1343 664 prelium.
1408 613 1614 667 Cumque
1664 615 1762 655 Dan

122 682 315 724 venisset
353 684 408 723 ad
442 683 682 736 fragorem,
729 684 922 724 ,lutones
964 696 1068 724 cum
1113 697 1164 724 co
1207 688 1352 724 castra
1393 698 1473 725 sua
1517 687 1765 727 mouebant

119 756 174 796 ad
223 755 433 796 Cesarem
489 760 529 796 et
583 768 688 796 cum
737 769 788 796 eo
836 768 973 808 graue
1020 756 1212 809 prelium
1263 757 1612 800 commiserunt:
1674 772 1764 813 quo

119 828 359 881 plerosque
399 828 495 868 eius
534 828 577 868 in
621 841 697 868 ore
736 828 869 881 gladij
915 828 1190 879 deiecerunt,
1237 833 1411 870 ceteros
1450 834 1602 870 autem
1644 832 1765 883 fuga-

119 904 295 940 uerunt.
358 900 573 941 Videntes
620 905 770 941 autem
819 901 1012 941 Jutones
1060 901 1160 941 Dan
1206 906 1476 942 strennuum
1526 903 1675 943 uirum
1725 908 1765 943 et

119 972 278 1012 fortem
326 976 367 1012 et
409 972 665 1013 uirtuosum
706 974 933 1013 duxerunt
977 986 1080 1014 eum
1122 975 1177 1013 ad
1221 974 1434 1027 lapidem,
1482 975 1557 1027 qui
1599 976 1765 1016 dieitur

119 1044 377 1097 Danaerigh,
424 1049 766 1099 posueruntque
809 1059 911 1086 eum
960 1058 1098 1099 super
1144 1045 1359 1098 lapidem,
1406 1046 1677 1099 inponentes
1724 1048 1760 1087 ei

118 1130 285 1157 nomen
318 1117 454 1169 regis;
489 1121 819 1172 sequentesque
852 1131 956 1158 eum
989 1119 1182 1159 Jutones
1214 1118 1432 1159 Feoniam
1467 1119 1764 1172 Scaniamque

117 1201 221 1229 cum
254 1188 355 1241 alijs
386 1189 703 1230 adiacentibus
734 1190 897 1230 insulis
930 1176 1056 1243 <sibi>
1090 1190 1405 1231 subdiderunt.
1455 1190 1578 1231 Vidit
1609 1196 1759 1231 autem

117 1274 192 1301 rex
234 1261 334 1301 Dan
377 1262 606 1314 regionem
655 1275 800 1311 suam,
849 1276 985 1316 super
1030 1276 1167 1316 quam
1216 1263 1436 1314 regnauit,
1483 1264 1605 1317 quod
1647 1268 1761 1303 esset

118 1334 260 1383 bona;
294 1334 479 1374 uocauit
509 1335 739 1387 principes
773 1348 879 1375 suos
913 1339 954 1375 et
986 1339 1217 1376 exactores
1250 1340 1290 1375 et
1322 1335 1404 1375 ait:
1444 1336 1589 1376 »Bene
1618 1336 1763 1389 placet

119 1406 257 1446 michi
304 1407 425 1458 regio
473 1420 597 1453 mea;
659 1421 749 1460 quo
805 1408 992 1448 nomine
1039 1408 1377 1460 appellabimus
1424 1411 1577 1448 eamv«
1673 1408 1762 1458 Qui

116 1478 344 1519 dixerunt:
399 1480 529 1528 »Rex‚
573 1480 620 1519 in
663 1484 869 1520 eternum
912 1480 1033 1520 uiue!
1101 1481 1168 1520 Tu
1210 1493 1257 1520 es
1296 1494 1373 1521 rex
1415 1481 1592 1521 Danus:
1640 1481 1762 1532 regio

116 1555 192 1591 tua
226 1551 372 1591 Dania
406 1553 478 1592 uel
514 1552 652 1592 Dacia
686 1552 948 1601 uocabitur;
992 1553 1115 1605 quod
1149 1566 1317 1593 nomen
1350 1553 1397 1593 in
1431 1557 1634 1593 eternum
1671 1566 1762 1593 non

117 1623 351 1664 delebitur.
363 1640 377 1660 «

206 1732 238 1765 1.
276 1731 432 1766 cesaris
472 1731 592 1777 primi
628 1730 674 1774 C⁷
716 1733 809 1776 post
849 1731 957 1777 quod
987 1730 1154 1766 additur
1182 1731 1462 1777 circumsepta
1500 1732 1552 1774 (M
1587 1732 1761 1767 circum-

117 1789 260 1834 cepta)‚
305 1787 452 1823 scilicet
497 1789 611 1824 varia
658 1788 859 1834 scriptura
895 1799 972 1834 pro
1014 1788 1184 1823 munita.
1263 1788 1385 1824 Verba
1418 1789 1588 1834 Augusti
1639 1789 1760 1834 primi

117 1845 280 1881 Cesaris
321 1844 359 1880 1⁶11
395 1845 426 1880 Α
465 1856 613 1880 manus
655 1845 851 1880 recentior
887 1845 1031 1880 deleuit
1068 1847 1104 1880 et
1135 1845 1174 1880 in
1209 1856 1338 1892 mary.
1370 1846 1546 1891 scripsit:
1594 1845 1761 1881 Vesocis

117 1902 224 1947 regis
247 1901 371 1948 egipti
403 1903 440 1945 (a
465 1902 626 1938 Justino
658 1902 722 1937 lib.
747 1902 776 1947 I,
805 1902 823 1937 1
847 1904 1096 1948 sumptum);
1129 1903 1220 1938 item
1246 1904 1384 1948 postea
1411 1902 1535 1938 deleto
1553 1903 1761 1948 Augustus

117 1959 157 1994 in
191 1968 319 2004 mary.
353 1959 529 1995 Vesoces
565 1959 734 2005 scripsit.
825 1960 915 2006 ipse
946 1960 1035 2001 ᾹΕ;
1074 1960 1150 1995 iste
1183 1960 1233 1995 M.
1310 1961 1343 1995 2.
1376 1959 1687 2004 constituebant
1720 1961 1761 1995 E.

118 2016 278 2059 Quibus
321 2015 373 2060 C;
420 2016 494 2052 Cui
533 2013 566 2052 Α
611 2018 669 2059 (ut
707 2017 760 2052 ad
797 2018 1026 2063 Augustum
1066 2016 1197 2052 solum
1238 2016 1475 2062 referretur).
1556 2018 1672 2052 Dano
1719 2018 1759 2052 in

117 2073 442 2119 Wi(y)theslef(f)
468 2074 649 2120 principi
669 2074 712 2109 C.
775 2074 810 2109 3.
843 2074 1099 2109 adiutorium
1119 2073 1169 2116 C;
1202 2073 1402 2109 auxilium
1424 2075 1454 2108 A
1480 2074 1759 2119 (vulyatiorem

118 2141 250 2166 vocem
294 2130 541 2176 proeferens).
632 2132 666 2166 4.
714 2131 899 2177 repletus
952 2130 1155 2178 (repletur
1202 2131 1260 2166 in:
1310 2131 1355 2175 E>
1412 2140 1562 2176 magno
1609 2131 1760 2177 gaudio

119 2188 259 2223 Dauus
292 2187 337 2224 C.
413 2189 447 2223 5.
480 2189 662 2223 exercitu
689 2188 719 2223 Α
812 2189 953 2223 Danus
986 2188 1032 2224 C.
1111 2189 1145 2224 6.
1178 2198 1273 2223 cum
1307 2199 1355 2223 eo
1388 2198 1466 2224 om.
1501 2187 1534 2224 C
1625 2192 1759 2223 castra

117 2244 427 2280 submonebant
486 2246 537 2287 Ᾱ;
608 2256 681 2280 sua
745 2245 971 2281 mouebant
1031 2244 1096 2293 (E:
1159 2245 1456 2288 mouebantur)
1518 2249 1653 2281 castra
1716 2245 1759 2281 C.

119 2302 151 2337 7.
185 2301 368 2347 grauiter
400 2302 434 2338 C
522 2302 677 2337 bellum
714 2302 763 2338 M.
840 2304 874 2338 8.
915 2303 954 2338 in
995 2313 1068 2337 ore
1107 2301 1244 2347 gladii,
1290 2302 1360 2348 cfr.
1395 2301 1513 2338 Num.
1552 2302 1686 2343 21,ἓᾷ
1727 2305 1762 2338 et

117 2369 220 2404 soepe
251 2359 292 2394 in
330 2358 510 2405 Vulyata.
572 2361 683 2396 8—9.
716 2362 789 2394 cet.
823 2362 903 2394 aut.
937 2359 1016 2405 fug.
1049 2359 1100 2399 Α;
1132 2370 1240 2404 quos
1272 2363 1410 2394 autem
1445 2370 1593 2395 necare
1627 2359 1761 2395 noluit

117 2416 264 2451 ceteris
312 2416 485 2452 victoria
534 2416 663 2451 fretus
710 2417 763 2453 :M
803 2415 894 2461 fort.
934 2415 1065 2459 fretis)
1113 2416 1272 2461 fugauit
1311 2416 1356 2454 C.
1436 2417 1469 2452 9.
1513 2417 1673 2451 Danum
1716 2416 1760 2452 C.

119 2473 255 2509 9—10.
287 2477 325 2509 et
357 2475 451 2508 ante
481 2473 630 2508 fortem
664 2484 741 2508 om.
775 2473 819 2509 C.
896 2473 954 2509 10.
988 2484 1081 2508 eum
1115 2483 1180 2508 om
1227 2473 1271 2509 C.
1349 2475 1405 2508 11.
1441 2474 1674 2519 Danaerygh
1711 2474 1761 2511 Ε;

120 2529 355 2575 Danaerugli
389 2530 446 2569 M:
495 2531 675 2575 Danarig
708 2531 737 2565 Α
770 2531 834 2573 (Vz
883 2530 1161 2575 Danerliung).
1239 2534 1473 2576 posuerunt
1505 2541 1685 2576 eumque
1717 2531 1759 2565 Α.

122 2587 181 2623 12.
214 2586 404 2622 Fiuniam
425 2587 660 2623 Withesleff
679 2589 739 2622 Sc.
772 2588 808 2622 M
900 2598 997 2633 —que
1022 2586 1172 2622 addidi.
1240 2587 1297 2623 13.
1331 2588 1410 2623 sibi
1444 2594 1504 2631 ¹1:
1529 2588 1579 2626 ei)
1610 2587 1760 2622 addidi.

123 2645 183 2680 14.
233 2644 375 2680 Dauus
422 2644 456 2680 C
556 2647 647 2690 post
692 2645 880 2689 regnauit
927 2644 1093 2679 additur
1138 2644 1178 2679 in
1226 2644 1280 2680 C:
1336 2645 1511 2680 Juciam.
1559 2645 1759 2679 Fiuniam.

119 2700 372 2737 Withaeslefs.
429 2702 496 2745 (Et
560 2702 770 2737 Feoniam.
821 2701 1082 2747 Wytheslefi.
1129 2702 1321 2737 Scaniam
1427 2705 1563 2737 essent
1622 2702 1671 2736 M.
1721 2722 1758 2725 —

120 2757 410 2805 Vidit..quod
454 2761 561 2794 esset
609 2759 734 2794 bona:
781 2758 851 2803 cfr.
895 2757 1026 2794 Genes.
1063 2758 1095 2797 1,
1124 2757 1159 2793 4.
1252 2759 1313 2793 15.
1354 2759 1520 2794 vocauit
1561 2758 1760 2804 primates

119 2818 416 2861 exactoresque
453 2826 552 2851 suos
585 2815 619 2851 C
655 2817 1000 2861 (exauctoresque
1033 2815 1095 2857 M).
1174 2816 1338 2851 16—17.
1374 2815 1450 2859 Qui
1486 2816 1680 2850 dixerunt
1711 2816 1760 2853 A:

122 2871 434 2918 Respondentes
467 2872 678 2919 principes
710 2876 818 2908 terre
851 2873 1045 2907 dixerunt
1070 2871 1114 2907 C.
1178 2873 1239 2907 17.
1274 2872 1368 2908 Rex.
1400 2873 1440 2907 in
1474 2876 1522 2908 et.
1549 2873 1657 2909 uiue.
1687 2871 1758 2916 cfr.

122 2927 234 2964 Esdr.
258 2929 361 2969 ILQ,
382 2928 425 2966 3:
458 2928 613 2964 Daniel.
649 2929 726 2969 519
744 2930 794 2964 al.
879 2940 947 2964 rex
979 2939 1056 2963 om.
1083 2929 1132 2964 M.
1208 2929 1265 2965 18.
1302 2929 1424 2964 Dacia
1462 2929 1523 2964 uel
1561 2929 1688 2963 Dania
1717 2929 1758 2964 Α.

124 2984 285 3021 18-19.
321 2997 471 3021 nornen
505 2987 544 3021 in
579 2990 628 3022 et.
665 2998 698 3022 n.
733 2986 821 3023 del..
853 2985 922 3031 cfr.
957 2985 1102 3020 Psalm.
1136 2986 1171 3025 9,
1195 2988 1227 3021 b'.

1791 623 1809 651 5

1794 986 1832 1015 1«)

1791 1346 1830 1375 15
