2150 3584
777 201 1005 231 crinorum
1035 201 1244 232 svrfflvsis
1754 194 1836 235 449

187 315 372 367 minnae‚
419 315 494 358 vbi
537 320 692 370 postea
734 316 837 357 fecit
877 317 1192 358 marchionem
1243 319 1432 360 militem
1481 333 1584 361 cum
1636 320 1836 360 maxima

187 388 536 442 sollempnitate.
589 388 865 429 Humiliauit
895 389 1040 429 eciam
1074 390 1307 430 ciuitatem
1342 391 1643 443 Sundensem,
1678 393 1838 432 multa·

186 474 274 515 que
305 460 393 501 alia
427 460 542 511 fecit,
577 465 761 514 propter
793 474 880 514 que
913 461 956 500 in
993 462 1148 502 multis
1181 462 1330 515 regnis
1363 463 1701 504 famosissimus
1729 468 1834 504 erat.

272 533 357 574 Hic
396 532 525 573 duxit
564 545 768 573 sororem
804 533 988 585 Birgeri,
1035 534 1151 586 regis
1185 534 1367 586 Swecie,
1416 536 1459 575 in
1502 549 1710 586 vxorem;
1757 536 1836 589 qui

184 605 327 647 eciam
369 605 603 646 versauice
644 604 806 645 habuit
847 618 1049 646 sororem
1086 606 1207 647 Erici
1245 608 1361 659 regis
1398 621 1605 658 vxorem3
1653 612 1837 662 propter
1864 616 1882 645 5

184 690 323 732 quam
378 677 647 718 affinitatem
697 688 886 730 magnas
935 690 1158 731 expensas
1204 681 1501 733 postmodum
1552 681 1713 722 Ericus
1758 694 1836 721 rex

183 749 299 791 fecit.
363 750 479 790 Nam
514 750 663 790 dictus
697 749 908 801 Birgerus
947 763 1024 790 rex
1057 762 1162 791 cum
1198 765 1334 792 vxore
1368 765 1449 793 sua
1484 766 1562 806 pcr
1594 764 1837 805 germanos

183 836 304 875 suOS‚
339 823 525 864 Ericum
552 827 594 863 et
610 822 959 864 Waldemarum
993 823 1145 876 duces,
1179 828 1340 878 captus
1373 829 1414 865 et
1447 825 1492 865 in
1520 826 1633 866 turri
1661 825 1835 878 positus

181 895 284 946 fuit3
324 895 403 950 qui
435 899 591 949 postea
625 908 792 935 manus
824 907 982 936 eorum
1018 897 1221 937 euadens
1253 896 1299 937 in
1334 897 1522 938 Daciam
1557 899 1614 938 ad
1649 898 1834 938 Ericum

180 979 332 1020 regem
365 968 579 1020 confugit.
629 967 790 1008 Ericus
823 968 958 1020 igitur
990 968 1059 1008 bis
1088 970 1335 1010 exercitum
1362 970 1407 1010 in
1428 971 1647 1012 Sweeiam
1678 974 1834 1011 contra
1866 980 1904 1009 10

182 1040 328 1082 dictos
360 1041 499 1081 duces
533 1040 676 1091 misit3
724 1041 801 1081 sed
835 1045 1020 1094 propter
1051 1041 1296 1082 falsitatem
1332 1043 1567 1084 Danorum
1604 1043 1745 1085 nichil
1778 1044 1834 1083 ad

181 1112 406 1154 intentum
455 1126 590 1154 suum
638 1113 810 1154 factum
858 1113 953 1154 fuit.
1031 1114 1190 1155 Tereia
1238 1118 1391 1155 autem
1433 1115 1531 1156 vice
1573 1116 1695 1156 venit
1741 1129 1836 1169 per-

181 1186 397 1227 sonaliter
433 1185 479 1226 in
513 1185 735 1226 Sweciam
776 1198 882 1226 cum
923 1186 1106 1227 duobus
1148 1187 1334 1227 milibus
1369 1191 1410 1228 et
1441 1188 1700 1241 quingentis
1734 1189 1835 1229 dex-

179 1258 343 1311 trariis,
391 1261 576 1311 eratque
616 1271 837 1299 numerus
878 1258 1026 1299 tocius
1065 1259 1287 1313 equestris
1330 1261 1552 1301 exercitus
1595 1273 1674 1301 ,Lx.
1710 1260 1834 1300 milia

179 1330 398 1385 equitum.
462 1330 622 1372 Statim
663 1334 817 1371 autem
858 1331 966 1372 dicti
1009 1332 1148 1372 duces
1188 1345 1212 1372 a
1257 1332 1371 1373 facie
1404 1333 1501 1373 eius
1534 1333 1745 1385 fugerunt
1777 1334 1834 1374 ad
1864 1341 1903 1371 15

179 1407 325 1445 castra
368 1416 448 1445 sua
491 1403 735 1455 maritima,
784 1404 930 1457 parati
973 1405 1160 1445 vlterius
1202 1405 1353 1457 fugere
1387 1409 1511 1446 extra
1543 1416 1750 1458 regnum,
1797 1406 1835 1445 si

178 1490 255 1518 eos
287 1476 521 1517 insecutus
553 1475 723 1517 suisset.
774 1477 1008 1517 Transiuit
1039 1477 1176 1530 igitur
1203 1477 1393 1531 pacifice
1419 1491 1498 1531 per
1517 1477 1831 1518 Smalandiam

178 1553 219 1590 et
237 1549 515 1601 Ostgociam,
541 1549 668 1589 nullo
694 1553 985 1602 presumente
1003 1550 1225 1603 resistere,
1253 1550 1530 1604 intrauitque
1549 1550 1830 1604 superiorem

178 1620 399 1663 Sweciam
446 1634 500 1662 ac
539 1625 745 1674 potenter
786 1622 964 1662 obsedit
1003 1626 1203 1663 castrum
1247 1623 1577 1676 Nykyopense3
1624 1623 1830 1677 adeoque

176 1694 290 1734 illud
330 1693 558 1734 machinis
597 1694 902 1747 impugnauit,
948 1699 994 1736 vt
1038 1695 1095 1735 ab
1143 1695 1266 1736 intus
1315 1696 1608 1736 manentibus
1647 1696 1829 1736 defendi
1856 1705 1898 1735 20

177 1780 270 1808 non
303 1770 467 1820 posset.
532 1766 740 1821 Cumque
779 1768 837 1807 ad
877 1780 980 1808 euin
1023 1767 1142 1809 exire
1183 1768 1348 1809 vellent
1388 1772 1429 1809 et
1461 1772 1661 1809 castrum
1698 1769 1830 1821 resig-

176 1852 299 1892 nare,
347 1851 448 1880 ecce
495 1839 685 1893 quidam
732 1840 940 1893 pociores
988 1841 1120 1890 Dani,
1168 1842 1344 1882 occulte
1388 1841 1590 1894 corrupti
1637 1841 1830 1895 promis»

177 1911 385 1953 sionibus
425 1910 652 1952 dictorum
695 1914 882 1964 ducum,
930 1913 1177 1954 exercitum
1218 1913 1335 1966 regis
1376 1913 1646 1965 diuiserunt,
1694 1917 1830 1968 atque

175 1996 327 2037 regem
369 1984 521 2026 verbis
567 1984 764 2036 grauiter
809 1985 1080 2026 inuadentes
1128 1986 1186 2026 ab
1233 1999 1285 2026 eo
1333 1986 1465 2040 quasi
1512 1998 1618 2026 cum
1666 1986 1829 2027 maiori

176 2060 303 2111 parte
342 2057 565 2098 exercitus
603 2061 901 2109 recesserunt,
947 2058 994 2098 in
1033 2062 1211 2098 tantum
1251 2062 1298 2099 vt
1343 2058 1406 2098 ibi
1446 2059 1516 2099 vel
1557 2062 1717 2111 captus
1760 2059 1830 2099 vel
1856 2069 1898 2099 25

175 2133 438 2183 peremptus
470 2129 642 2181 fuisset,
684 2130 772 2170 nisi
806 2134 1045 2171 extraneos
1077 2130 1356 2171 Teutonicos
1389 2143 1545 2172 secum
1578 2131 1828 2183 habuisset,

176 2201 345 2243 scilicet
387 2202 629 2243 dominum
665 2203 975 2255 Maegelburgh
1013 2215 1117 2244 cum
1161 2202 1269 2255 suis,
1317 2203 1396 2258 qui
1439 2215 1594 2244 secum
1636 2203 1830 2244 fideliter

263 2378 298 2413 2.
333 2377 464 2414 eciam
491 2388 569 2413 om.
596 2378 643 2414 Ο.
706 2378 740 2414 3.
773 2382 947 2425 propter
971 2379 1084 2425 quod
1110 2379 1156 2415 O.
1220 2380 1253 2415 5.
1287 2379 1376 2414 vice
1400 2389 1519 2415 versa
1546 2379 1591 2415 Ο.
1655 2380 1689 2414 6.
1718 2382 1831 2425 post—

178 2435 348 2471 modum
397 2445 474 2471 om.
522 2434 634 2471 VAS.
726 2435 762 2472 9.
810 2435 888 2471 fuit
934 2446 1011 2472 om.
1060 2435 1098 2472 S.
1189 2447 1339 2472 manus
1386 2436 1443 2481 Ο;
1496 2447 1664 2472 manum
1713 2435 1828 2473 VAS.

177 2492 315 2528 9--10.
369 2492 420 2527 ad
475 2502 612 2538 regem
668 2493 736 2528 Er.
785 2493 829 2529 V.
938 2494 997 2530 10.
1053 2494 1238 2529 exercitm
1294 2504 1396 2529 corr.
1456 2504 1505 2529 ex
1556 2494 1736 2540 exercito
1785 2494 1830 2529 V.

181 2549 344 2585 10—11.
377 2552 522 2585 contra
550 2549 587 2585 d.
614 2549 649 2585 d.
678 2550 791 2586 misit
813 2550 854 2585 in
881 2550 1070 2586 Sueciam
1090 2550 1137 2587 O.
1204 2552 1262 2586 11.
1291 2550 1472 2587 flitatem
1505 2549 1559 2599 (oz
1594 2548 1832 2598 falsitatem)

175 2606 295 2642 etiam
325 2606 360 2643 Ο
391 2605 647 2655 (facilitatem
677 2607 783 2643 male
802 2605 1042 2655 Lanyebelc).
1108 2608 1169 2644 12.
1198 2618 1364 2654 person.
1390 2608 1501 2643 venit
1528 2607 1575 2645 O.
1642 2609 1701 2643 14.
1727 2611 1831 2644 erat-

175 2674 257 2709 que
289 2661 412 2709 st;
459 2674 497 2710 q3
539 2662 603 2712 (z
627 2661 680 2711 et)
720 2667 809 2699 erat
848 2664 904 2708 03
951 2668 1075 2710 atque
1107 2665 1150 2701 A.
1230 2665 1291 2701 15.
1338 2676 1360 2701 a
1407 2665 1512 2701 facie
1559 2665 1713 2711 fugere,
1759 2664 1829 2710 cfr.

180 2720 312 2757 Genes.
348 2721 411 2764 16,
431 2720 466 2762 8,
508 2723 545 2757 et
573 2721 630 2756 sic
660 2732 764 2767 saepe
796 2721 837 2757 in
875 2721 1056 2767 Vulgata.
1135 2723 1195 2758 16.
1230 2722 1301 2769 pili
1334 2723 1379 2758 V.
1453 2723 1515 2758 17.
1550 2720 1830 2769 insequ(u)tus

175 2776 333 2826 VO(A>.
419 2778 686 2813 smalandiam
727 2778 782 2823 03
829 2778 1087 2824 fynlandiam
1130 2779 1199 2814 VA
1243 2778 1295 2827 (et
1334 2780 1361 2815 S
1404 2790 1453 2815 ex
1491 2777 1627 2827 corr.);
1678 2779 1829 2826 i'yalan-

178 2834 290 2870 diam
316 2835 356 2871 S.
422 2835 484 2871 18.
513 2835 724 2881 osgociam
757 2835 802 2880 S;
835 2836 1069 2881 osgothiam
1104 2836 1158 2881 03
1191 2837 1435 2882 estogotiam
1462 2837 1506 2872 A.
1581 2836 1754 2872 intrauit
1785 2837 1828 2872 A.

179 2892 240 2927 19.
265 2895 448 2928 castrum
472 2902 550 2928 om.
568 2892 612 2928 A.
673 2892 869 2939 nykopefi
886 2893 938 2937 A3
970 2902 1210 2939 nycopense
1228 2893 1283 2938 03
1316 2894 1481 2930 obsedit
1504 2893 1683 2940 nycopia
1709 2894 1829 2929 adeo-

179 2959 261 2995 que
295 2952 478 2985 castrum
513 2949 647 2985 mach.
680 2950 777 2996 imp.
811 2949 849 2985 S.
927 2950 990 2986 22.
1032 2950 1135 2985 Dani
1170 2951 1363 2996 pociores
1396 2951 1443 2987 0.
1520 2952 1581 2986 24.
1615 2951 1666 2986 ab
1699 2962 1747 2987 eo
1782 2961 1828 2997 .q·

176 3003 242 3054 (=
256 3004 393 3056 quasi)
425 3006 545 3042 etiam
571 3006 607 3045 Ο
637 3004 705 3055 (ab
732 3017 866 3053 eoque
894 3005 1132 3056 Lanyebelc).
1194 3007 1353 3044 maiore
1378 3006 1520 3056 0(S‘.›).
1583 3008 1645 3044 27.
1673 3008 1830 3044 scilicet

177 3062 213 3099 d.
248 3063 298 3100 M.
331 3074 427 3100 cum
460 3063 549 3100 suis
581 3074 660 3100 om.
692 3063 739 3100 Ο.
816 3063 1099 3111 maegelborgh
1135 3063 1180 3110 S3
1212 3065 1486 3112 mekelburgh
1517 3065 1562 3102 A.
