2150 3584
340 1106 380 1137 10

341 1469 382 1500 15

341 1833 383 1863 20

343 2197 384 2227 25

344 2558 386 2588 30

345 2919 386 2948 35

405 219 457 258 82
744 227 1019 257 SCRIPTORES
1052 228 1277 257 HISTORIAE
1310 228 1486 257 DANICAE
1518 227 1715 256 MINORES

1200 342 1255 401 X

405 449 621 490 durabat:
682 448 969 502 temporibus
1015 448 1228 489 uidelicet
1274 448 1438 488 ueteris
1486 447 1670 499 Canuti,
1728 448 1807 502 qui
1852 452 1895 490 et
1937 448 2047 501 legis

405 521 548 562 extitit
583 520 811 571 conditor,
858 521 941 561 filii
973 534 1156 574 quoque
1188 521 1259 561 sui
1293 520 1472 571 Canuti,
1519 519 1597 573 qui
1629 524 1670 560 et
1700 520 1919 561 Austerus
1950 521 2047 562 siue

407 594 559 633 Durus
592 597 658 633 est
689 593 1053 646 cognominatus,
1087 593 1190 634 licet
1220 593 1267 633 in
1303 603 1437 645 regno
1470 591 1609 645 priori
1642 606 1735 633 non
1769 593 2047 645 successerit,

406 666 484 706 sed
516 670 720 719 tempore
753 665 1020 706 continuato
1051 666 1145 705 iam
1178 665 1294 718 patri
1326 664 1370 704 in
1404 664 1528 717 regni
1560 664 1868 716 gubernacula
1891 665 2048 718 guber-

406 739 560 779 nando
600 738 730 792 quasi
771 738 1009 778 coadiutor
1049 737 1253 787 extiterit,
1300 741 1436 790 prout
1475 736 1522 777 in
1555 737 1851 790 sequentibus
1883 737 2049 778 clarius

406 810 722 861 edocebimus,
785 810 937 862 Magni
993 809 1171 861 (deinde)
1220 809 1357 859 Boni;
1420 809 1664 862 Suenonis,
1717 809 1799 850 filii
1847 810 2048 860 Estreth3

408 883 595 924 Haraldi
638 883 759 932 Hen;
807 882 984 933 Canuti,
1031 895 1168 936 quem
1216 881 1533 923 Otthoniensis
1575 882 1762 922 ecclesia
1810 881 2050 923 coronauit

406 955 633 1005 martirio,
680 955 797 1008 Olai,
844 954 995 995 fratris
1033 954 1124 1004 sui,
1173 954 1322 995 Herici
1362 954 1497 1004 Boni;
1545 958 1588 995 et
1632 958 1735 995 ante
1782 954 1892 995 noni
1931 954 2050 1006 regis

406 1027 666 1081 imperium,
698 1027 744 1067 id
776 1031 842 1068 est
874 1026 1064 1078 Nicolai,
1098 1039 1191 1067 non
1224 1030 1289 1067 est
1320 1026 1503 1067 uiolata.
1566 1027 1697 1067 Tunc
1729 1027 2049 1080 ChristiernuS,

409 1100 634 1141 Suenonis
660 1100 795 1151 filius,
821 1100 931 1139 Turi
950 1099 1093 1139 Dokae
1126 1102 1336 1152 exempto
1368 1099 1518 1151 gladio
1551 1099 1826 1152 uulnerauit,
1858 1099 2049 1153 primus-

408 1185 495 1227 que
535 1176 636 1225 post
674 1172 790 1224 regis
829 1171 1185 1212 satisfactionem
1225 1172 1369 1223 legem
1410 1176 1688 1212 castrensem
1732 1176 1775 1212 et
1806 1171 2048 1212 militarem

406 1249 712 1297 transgressor
737 1244 940 1285 uiolauit.
989 1244 1092 1294 Quo
1124 1243 1242 1284 facto
1267 1244 1383 1295 regis
1409 1244 1552 1283 extitit
1575 1244 1787 1297 perplexa
1813 1243 2047 1284 sententia.

410 1318 527 1358 Nam
567 1322 609 1357 et
648 1316 773 1369 regni
813 1316 883 1357 sui
922 1316 1157 1356 aduersari
1195 1316 1397 1356 decreuit
1435 1316 1626 1369 imperio
1659 1316 1846 1370 eiusque
1877 1316 2050 1357 incolu-

409 1390 554 1430 mitati
595 1389 797 1439 obuiare,
843 1393 882 1428 et
922 1402 1055 1442 porro
1094 1388 1297 1440 cognatis
1337 1388 1459 1429 illius
1505 1389 1733 1429 uniuersis
1771 1393 1866 1429 tam
1909 1401 2048 1442 quam

408 1463 532 1514 regni
566 1461 822 1515 potioribus
855 1461 1135 1502 contrarium
1169 1461 1371 1512 existere,
1415 1461 1451 1501 si
1484 1474 1589 1501 cum
1622 1462 1845 1515 probroso
1877 1473 2050 1501 nuncu-

409 1534 607 1588 pationis
662 1534 913 1584 uocabulo,
973 1534 1018 1573 id
1072 1537 1138 1574 est
1184 1533 1488 1586 Nitingsorth,
1550 1534 1862 1574 eliminaretur
1910 1533 2050 1583 curia,

410 1606 646 1660 presertim
699 1620 805 1646 cum
861 1607 952 1646 duo
1005 1605 1163 1646 fratres
1216 1604 1285 1646 sui
1336 1605 1632 1646 famosissimi
1678 1610 1788 1647 tunc
1832 1604 2050 1659 temporis

410 1679 651 1720 extiterunt
697 1678 920 1731 episcopi,
968 1678 1142 1731 primus
1188 1678 1400 1719 uidelicet
1444 1679 1659 1730 Ascerus,
1709 1678 1885 1731 primus
1933 1677 2051 1718 sedis

411 1751 670 1792 Lundensis
715 1750 1110 1803 archiepiscopus,
1157 1754 1198 1790 et
1243 1736 1500 1804 <secundus>
1548 1751 1719 1802 Sueno,
1763 1750 2051 1803 Vibergensis

410 1824 666 1877 episcopus,
691 1822 859 1876 aliique
886 1823 978 1863 duo
1005 1823 1222 1874 germani,
1250 1822 1479 1863 Eschillus
1504 1827 1546 1863 et
1562 1823 1685 1876 Aggi,
1709 1827 1752 1864 et
1773 1823 2052 1863 reuerendus

411 1909 570 1937 eorum
603 1895 790 1947 genitor,
837 1895 1002 1946 Sueno,
1045 1895 1167 1935 tilius
1200 1896 1420 1947 Thrugut,
1467 1895 1602 1936 etiam
1642 1895 1925 1948 temporibus
1958 1894 2051 1934 suis

410 1969 526 2009 inter
557 1967 779 2021 primores
811 1967 936 2019 regni
969 1968 1308 2008 uenerabantur
1339 1971 1381 2008 et
1413 1967 1641 2021 principes
1712 1969 1820 2008 Plus
1851 1979 2052 2020 namque

411 2040 600 2081 honoris
624 2040 927 2080 incolumitati
952 2053 1091 2093 quam
1117 2040 1274 2080 censui
1298 2040 1550 2080 deferentes
1579 2041 1721 2081 satius
1752 2041 2054 2081 decreuerunt

412 2113 749 2168 quantumlibet
786 2125 981 2153 oneroso
1018 2112 1178 2153 iuditio
1218 2125 1300 2165 pro
1332 2112 1581 2154 commisso
1614 2114 1857 2153 emendare
1888 2112 2052 2153 delicto

412 2198 550 2239 quam
591 2185 710 2225 fame
753 2198 831 2225 sue
870 2185 1115 2225 discrimen
1156 2185 1397 2225 incurrere.
1462 2185 1674 2237 Diligenti
1707 2185 1840 2237 igitur
1871 2184 2053 2225 inuesti-

412 2258 591 2310 gatione
643 2257 964 2311 cumulataque
1011 2257 1302 2309 indagatione
1348 2261 1702 2310 perscrutantes,
1757 2258 1842 2310 Bo,
1903 2257 2051 2297 filium

415 2330 642 2381 Haethaen,
695 2330 976 2369 Wandalum
1023 2330 1332 2381 consulentes,
1389 2343 1441 2370 eo
1495 2330 1617 2383 quod
1665 2328 1715 2383 (el
1757 2329 2054 2383 p1·e)annosus

413 2402 620 2443 existeret
652 2406 693 2442 et
725 2401 889 2441 ueteris
922 2401 1100 2453 Canuti,
1146 2415 1282 2455 quem
1322 2403 1441 2454 leges
1481 2402 1590 2442 istas
1622 2402 1721 2442 luce
1753 2402 1919 2442 clarius
1951 2414 2055 2442 con-

414 2478 500 2514 stat
532 2473 806 2524 condidisse,
853 2474 992 2514 homo
1025 2473 1176 2514 clarus
1208 2473 1428 2526 extitisset,
1476 2473 1692 2514 adhibitis
1733 2473 1869 2514 etiam
1911 2459 2053 2528 <aliis>

412 2550 522 2586 tunc
553 2546 772 2598 temporis
804 2545 1075 2597 senioribus,
1121 2547 1198 2600 qui
1238 2550 1360 2597 gesta
1400 2550 1658 2598 temporum
1699 2546 1918 2586 memorie
1950 2558 2052 2586 con-

414 2621 663 2659 sueuerunt
691 2619 1028 2669 commendare,
1060 2618 1422 2667 sciscitabantur,
1455 2618 1491 2658 si
1523 2618 1568 2658 in
1601 2618 1859 2671 cuiuspiam
1892 2617 2054 2658 similis

414 2703 625 2731 excessus
664 2694 779 2729 esset
818 2690 1052 2740 memoria,
1100 2691 1178 2744 qui
1218 2690 1525 2731 satisfactione
1564 2694 1740 2730 tantum
1783 2694 1891 2731 esset
1930 2690 2054 2731 resti—

417 2766 549 2802 tutus.
623 2762 711 2811 Qui
759 2762 870 2801 dum
918 2762 1026 2802 satis
1071 2763 1307 2815 diligenter
1353 2763 1543 2803 fuissent
1589 2762 1966 2815 circumscrutati,
2012 2767 2053 2803 et

414 2834 576 2874 similis
609 2834 651 2873 in
687 2834 906 2874 memoria
940 2848 1030 2875 non
1065 2839 1181 2876 esset
1211 2848 1435 2886 excessus,
1468 2835 1668 2888 prefatus
1702 2836 1764 2875 Bo
1797 2834 2052 2876 Wandalus

414 2905 696 2945 consulendo
735 2905 1018 2957 respondens
1058 2893 1184 2960 <ait>:
1241 2906 1495 2957 »Quoniam
1544 2905 1588 2945 id
1632 2906 1853 2947 hactenus
1899 2906 2052 2946 minus

502 3023 535 3057 4.
568 3022 732 3067 imperii
765 3018 859 3069 (pro
892 3023 929 3057 ia
956 3021 1018 3068 ρῖι
1045 3020 1082 3070 i).
1145 3023 1177 3058 7.
1215 3023 1318 3059 Hett.
1385 3024 1444 3058 14.
1476 3026 1627 3069 vtpote.
1702 3023 1760 3058 16.
1793 3023 2051 3059 eluminaret.

419 3079 479 3114 17.
513 3089 597 3113 seu.
663 3079 825 3114 18—19.
859 3079 1176 3115 slesuicensium
1209 3078 1305 3128 (pro
1336 3081 1435 3129 sede
1470 3077 1670 3129 ludense).
1738 3080 1802 3116 24.
1825 3080 2051 3116 honoroso.
