2150 3584
304 1020 345 1051 10

371 233 453 274 390
709 242 984 273 sempromzs
1017 242 1243 272 Hls‘romAE
1275 241 1452 271 DANICAE
1483 231 1682 271 MINORES

372 359 508 400 misit.
557 358 648 409 Qui
680 360 792 399 dum
823 358 958 400 vrbes
986 357 1125 398 Dacie
1157 356 1503 410 considerasset,
1537 357 1828 397 Lundensem
1859 357 2017 398 vrbem

372 444 454 484 pro
488 444 554 482 eo,
594 432 717 484 quod
757 432 814 471 ad
854 444 955 472 eam
997 443 1050 471 ex
1089 429 1298 471 finitimis
1340 429 1471 469 terris
1503 442 1582 482 per
1612 432 1780 470 terram
1823 433 1866 470 et
1896 442 2021 470 mare

372 504 512 544 cicius
536 507 807 556 transeatur,
833 503 1125 557 metropolim
1145 502 1283 543 Dacie
1309 501 1517 553 instituit,
1542 501 1868 555 Ascerumque,
1893 502 2022 543 nohi-

371 576 599 616 lissimum
618 562 871 629 Jutensem,
897 576 1104 617 moribus
1129 575 1438 627 excellentem,
1472 573 1677 615 eiusdem
1701 574 1825 616 vrbis
1852 575 2022 628 episco-

371 662 497 702 pum,
539 648 586 688 in
625 649 1026 702 archiepiscopum
1059 647 1311 698 ordinauit;
1357 646 1546 699 insuper
1578 650 1620 687 et
1650 646 2021 688 iurisdiccionem

371 734 508 774 super
527 721 748 762 Sweciam
777 725 819 761 et
837 721 1124 773 Norwegiam
1152 720 1191 761 ei
1217 719 1353 760 dedit.
1402 719 1475 760 Sic
1499 719 1635 771 igitur
1657 732 1737 773 per
1765 720 2022 760 Romanam

371 794 548 834 curiam
581 794 770 835 ecclesia
790 794 995 834 Daciana
1022 806 1114 834 non
1147 793 1296 833 solum
1329 805 1355 832 a
1388 791 1647 845 prelacione
1674 792 1926 833 Teutonica
1959 795 2025 833 est

371 870 538 919 erepta,
570 867 648 907 sed
681 866 827 907 eciam
862 866 1031 908 Swecie
1064 869 1106 906 et
1138 864 1374 917 Norwegie
1407 868 1473 904 est
1504 864 1690 917 prelata.

457 939 530 980 VI.
594 939 769 980 interea
803 939 963 979 Ericus
1004 938 1189 990 nauigio
1229 937 1277 977 in
1318 936 1534 978 Rusciam
1571 937 1716 988 venit;
1763 949 1903 991 quam
1946 950 2025 990 per

371 1015 539 1052 terram
584 1011 832 1065 transiens,
879 1022 1046 1064 magna
1093 1014 1220 1064 parte
1261 1009 1462 1052 Orientis
1507 1013 1792 1063 transcursa,
1838 1011 2024 1050 tandem

332 1094 334 1097 ’
373 1083 641 1124 Bizancium
687 1084 823 1126 venit.
895 1084 1046 1135 Quem
1091 1083 1343 1136 imperator
1389 1082 1654 1136 Grecorum,
1701 1082 1819 1123 intra
1865 1083 2024 1124 vrbem

304 1385 346 1416 15

304 1748 346 1779 20

305 2112 347 2143 25

371 1156 571 1210 recipere
617 1170 711 1197 non
757 1158 948 1209 audens,
996 1160 1120 1196 extra
1168 1154 1505 1197 officiosissime
1552 1155 1869 1208 pertractabat.
1942 1155 2028 1196 Hic

371 1228 621 1283 imperator
668 1230 839 1270 multos
886 1229 1053 1270 milites
1093 1229 1244 1269 Dacos
1285 1240 1441 1269 secum
1488 1227 1708 1278 habehat3
1755 1241 1864 1268 nam
1911 1228 2028 1269 inter

372 1306 544 1343 ceteros
563 1302 1071 1355 Constantinopolitane
1096 1301 1221 1343 vrbis
1252 1300 1573 1354 stipendiarios
1607 1300 1720 1341 Daci
1752 1304 1860 1341 sunt
1889 1300 2028 1354 primi

372 1375 668 1430 primumque
701 1374 869 1415 milicie
910 1376 1103 1427 gradum
1145 1374 1366 1428 optinent,
1410 1385 1661 1426 eorumque
1700 1373 1908 1414 custodia
1949 1387 2028 1415 rex

372 1448 566 1488 salutem
617 1460 748 1488 suam
797 1447 979 1488 munire
1025 1446 1280 1488 consueuit.
1358 1446 1444 1487 Sed
1490 1457 1596 1486 cum
1643 1445 1858 1486 virtutem
1907 1445 2028 1487 Erici

372 1520 552 1573 plenius
599 1520 847 1573 didicisset,
894 1520 1026 1561 iussit
1073 1520 1306 1560 ciuitatem
1346 1518 1499 1559 ornari
1541 1530 1595 1558 ac
1635 1518 1808 1571 plateas
1852 1518 2028 1559 culcius

373 1593 527 1646 sterni,
575 1593 855 1646 Ericumque
897 1593 1081 1634 dextera
1121 1605 1262 1633 manu
1295 1590 1615 1633 venerabiliter
1647 1595 1888 1644 exceptum
1921 1604 2027 1632 cum

373 1676 542 1718 magno
589 1666 799 1706 omnium
840 1665 1043 1718 tripudio
1091 1666 1148 1706 ad
1196 1664 1426 1718 palacium
1471 1663 1671 1704 deduxit.
1742 1663 1835 1704 Nec
1882 1664 2030 1717 potuit

374 1738 461 1778 sibi
501 1738 724 1779 maiorem
763 1739 988 1779 honorem
1031 1737 1193 1788 facere,
1240 1750 1381 1791 quam
1423 1736 1550 1786 fecit3
1597 1749 1706 1776 nam
1748 1736 1803 1776 de
1843 1736 2028 1790 propria

373 1812 478 1851 aula
512 1814 696 1864 propter
728 1824 833 1852 eum
866 1810 1013 1863 cessit,
1056 1822 1140 1850 nec
1171 1823 1271 1850 eam
1305 1809 1471 1863 aliquis
1503 1809 1837 1862 imperatorum
1869 1812 2026 1862 postea

373 1885 419 1925 in
466 1884 740 1925 memoriam
778 1883 893 1924 tanti
933 1882 1129 1936 hospitis
1173 1882 1374 1923 intrauit.
1438 1881 1641 1922 Peritum
1689 1881 1833 1922 eciam
1882 1881 2029 1935 sculp-

373 1952 519 1998 torem
545 1956 799 2009 accersiuit,
833 1956 912 2010 qui
940 1959 1162 1995 staturam
1190 1955 1287 1995 eius
1320 1954 1480 1995 stantis
1507 1957 1548 1995 et
1573 1953 1772 2013 sedentis
1797 1953 2034 2007 diligenter

374 2029 711 2070 consideratam
744 2028 877 2082 parili
911 2041 1126 2068 mensura
1162 2028 1401 2081 sculperet,
1445 2026 1755 2080 preciosisque
1798 2027 2030 2067 coloribus

373 2103 701 2155 superductam
733 2102 780 2142 in
813 2100 999 2155 publico
1033 2100 1189 2141 statuit
1213 2100 1271 2140 ab
1298 2100 1515 2141 omnibus
1542 2098 1835 2152 perhenniter
1859 2098 2032 2152 inspec-

374 2176 577 2215 tandam.
641 2173 816 2215 Deinde
849 2173 1030 2214 monuit
1062 2173 1229 2227 placita
1262 2173 1518 2226 postulare3
1566 2171 1659 2225 qui,
1698 2170 1840 2212 nichil
1871 2172 2031 2213 volens

462 2308 496 2344 2.
530 2307 583 2343 ad
614 2318 692 2343 om.
726 2307 809 2343 DV.
901 2306 937 2343 3.
981 2306 1107 2342 Dacie
1143 2316 1221 2342 om.
1254 2305 1294 2342 S.
1382 2306 1609 2351 Asterumq;
1641 2306 1692 2351 A,
1738 2305 1959 2351 Acerumq;
1991 2304 2030 2340 S.

376 2366 487 2401 3-14,
534 2365 629 2402 nob.
675 2365 892 2401 Jutensem
941 2363 1067 2409 DVS;
1113 2363 1208 2399 nob.
1256 2363 1455 2399 nitentem
1496 2364 1541 2400 A.
1632 2363 1667 2399 4.
1699 2362 1943 2399 exellentem
1987 2362 2032 2398 D.

376 2423 412 2458 5.
441 2426 460 2460 7
497 2421 563 2470 (et,
606 2432 683 2468 pro
715 2419 745 2471 i)
784 2421 897 2457 arch.
937 2421 977 2457 S.
1070 2421 1105 2457 6.
1150 2422 1183 2457 si·
1210 2418 1370 2470 (super)
1409 2431 1487 2457 om.
1522 2420 1576 2465 V3
1623 2419 1757 2466 itaque
1798 2417 2031 2465 Lanyebelc:

377 2480 533 2516 Swecie
565 2482 605 2515 et
632 2478 863 2525 Norwegie.
939 2478 1054 2514 dedit
1084 2478 1120 2514 ei
1146 2479 1189 2515 V.
1255 2478 1289 2515 7.
1321 2489 1344 2513 a
1376 2488 1454 2514 om.
1480 2478 1525 2513 V.
1587 2478 1621 2513 8.
1654 2480 1717 2513 est
1748 2478 1841 2512 ante
1872 2476 2031 2523 prelata

376 2547 453 2574 om.
495 2537 538 2573 A.
616 2537 650 2573 9.
695 2537 858 2572 Interea
899 2546 977 2571 om.
1019 2536 1064 2572 A.
1143 2536 1281 2572 9—10.
1328 2536 1370 2570 in
1418 2535 1578 2570 ruciam
1621 2534 1743 2580 venit,
1790 2544 1865 2580 per
1903 2544 2030 2580 quam

376 2597 531 2630 terram
578 2594 655 2630 AS.
761 2594 823 2630 10.
869 2596 1115 2629 transcussa
1162 2593 1238 2629 AS.
1339 2590 1400 2630 14.
1448 2591 1906 2638 Constantinopolitani
1952 2591 2028 2627 AS.

377 2651 660 2698 stipendarios
703 2651 749 2686 A.
838 2650 964 2697 primi
1010 2650 1145 2695 cedei,
1192 2649 1335 2685 malim
1384 2649 1555 2695 plurimi
1600 2646 1767 2697 (ptimi).
1846 2648 2028 2684 Ceterum

376 2709 561 2744 narratio
607 2719 755 2744 manca
802 2707 967 2753 videtur,
1017 2710 1053 2743 et
1097 2706 1340 2753 epitomator
1383 2708 1484 2742 certe
1527 2705 1641 2755 (post
1685 2706 1745 2742 16.
1792 2702 2029 2753 consueuit)

376 2765 485 2801 lianc
528 2766 769 2802 sententiam
809 2775 858 2800 ex
897 2766 1056 2800 Saxone
1098 2764 1246 2800 addere
1285 2763 1437 2800 debuit:
1483 2763 1655 2799 timebat
1700 2762 1837 2809 igitur,
1885 2773 1947 2808 ne,
1995 2762 2030 2798 si

377 2824 528 2859 Ericus
575 2823 718 2860 vrbem
767 2823 982 2868 intrasset,
1031 2822 1234 2858 maiorem
1281 2821 1402 2868 patrij
1452 2820 1561 2866 regis
1608 2820 1717 2856 fama
1764 2819 2028 2856 celeberrimi

378 2891 503 2926 quam
530 2880 839 2926 stipendiorum
868 2890 1042 2915 suorum
1071 2881 1240 2925 agerent
1264 2881 1515 2925 respectum.
1579 2878 1640 2913 17.
1666 2877 1830 2924 plenius
1855 2887 1933 2914 om.
1951 2876 2029 2912 AS.

378 2938 629 2973 aduertisset
665 2935 760 2985 (pro
801 2934 1032 2984 didicisset)
1070 2936 1109 2973 S.
1199 2935 1390 2971 ciuitates
1429 2935 1472 2972 A.
1562 2934 1698 2981 platea
1740 2934 1784 2970 D.
1870 2934 1931 2970 19.
1977 2933 2029 2968 ad

378 2992 642 3042 placi‹lu1n(!)
685 2995 728 3029 D.
821 2994 883 3030 24.
925 2994 1128 3040 preciosis
1168 2992 1262 3041 (om.
1301 2990 1399 3040 que)
1440 2993 1485 3028 V.
1575 2992 1639 3028 25.
1686 2991 1936 3027 subductam
1980 2990 2030 3036 S;

377 3054 549 3086 celet-nm
588 3054 679 3096 post
718 3051 794 3086 hoc
832 3051 1094 3096 participium
1137 3050 1315 3096 effigiem
1356 3048 1578 3085 desiderari
1609 3048 1777 3084 videtur.
1866 3048 2028 3094 inspec-

379 3108 503 3144 tanda
537 3109 580 3144 A.
643 3109 707 3145 26.
744 3107 873 3143 nichil
906 3108 1051 3144 volens
1085 3107 1206 3152 DAS;
1239 3106 1385 3142 nolens
1417 3106 1462 3143 V.
