2150 3584
90 1077 131 1109 10

89 1437 129 1469 15

87 1799 129 1830 20

87 2161 128 2192 25

87 2521 129 2553 30

294 198 512 228 SVENONIS
543 197 735 227 AGGONIS
769 197 872 227 FILII
906 197 1064 226 BREVIS
1098 197 1306 226 HISTORIA
1342 197 1492 225 REGVM
1526 197 1656 225 DACIE
1721 185 1797 224 105

961 309 999 370 S

158 419 248 461 tuis
294 418 680 472 conspicientibus
727 417 1005 458 strenuitatis
1050 430 1218 458 nomen
1267 417 1583 458 nanciscaris«
1668 417 1796 459 Cam-

159 492 342 546 pionem
374 504 482 532 uero
515 492 640 531 hunc
671 490 717 530 in
750 490 939 530 modum
973 489 1239 542 alloquitur:
1281 489 1492 529 »Virtutis
1525 493 1598 529 tue
1630 489 1799 542 experi-

158 564 327 605 entiam
366 563 456 604 iam
498 563 626 603 locus
666 566 731 602 est
778 573 1041 615 propagare,
1088 561 1126 601 si
1171 561 1432 601 comminus
1472 561 1716 601 accesseris
1759 565 1798 601 et

159 650 282 688 eam,
342 648 481 690 quam
537 635 712 688 pridem
767 634 1035 674 Alamannis
1089 634 1280 686 gloriam
1334 634 1594 684 ostendisti,
1657 634 1798 673 Danis

159 721 340 763 quoque
394 708 633 761 propalare
680 720 772 747 non
820 706 1058 747 cuncteris.
1150 707 1284 747 Nunc
1339 717 1443 757 ergo
1500 706 1670 746 famam
1726 710 1799 746 tue

158 780 435 822 strenuitatis
491 779 658 833 poteris
711 779 932 833 ampliare
987 783 1027 819 et
1079 778 1251 830 egregie
1312 778 1623 819 munificentie
1677 779 1798 818 dono

157 852 304 905 ditari,
350 852 385 892 si
433 855 475 892 et
520 851 761 892 dominum
810 852 1026 905 precedas
1073 855 1115 892 et
1160 852 1320 904 clypeo
1368 850 1646 891 defensionis
1693 863 1796 891 eum

156 924 336 966 tuearis.
399 924 598 976 studeat,
644 937 800 978 queso,
844 924 1104 965 Teotonicis
1151 927 1333 977 experta
1372 922 1616 963 strenuitas
1660 922 1799 962 uariis

156 996 264 1038 artis
309 996 595 1050 pugillatorie
641 996 791 1037 modis
833 997 990 1037 Danos
1035 996 1272 1047 instruere,
1319 999 1367 1036 ut
1412 996 1597 1035 tandem
1646 998 1799 1048 optata

156 1069 325 1124 potitus
366 1068 557 1110 uictoria
598 1081 703 1110 cum
742 1069 965 1122 triumphi
1007 1069 1161 1109 ualeas
1202 1067 1478 1109 exultatione
1518 1068 1575 1107 ad
1615 1067 1797 1120 propria

154 1154 395 1183 remeare«
488 1142 640 1192 Quam
701 1153 805 1182 cum
859 1141 1133 1195 complesset
1189 1141 1574 1191 exhortationem,
1635 1139 1799 1192 pugilis

156 1213 380 1255 cassidem
411 1217 504 1254 toto
537 1213 759 1267 percussit
791 1214 1047 1264 conamine,
1079 1213 1141 1254 ita
1168 1216 1230 1265 ut,
1262 1225 1354 1267 quo
1386 1212 1587 1262 feriebat,
1620 1211 1798 1264 gladius

156 1286 200 1327 in
241 1287 333 1327 duo
372 1286 599 1327 dissiliret.
664 1286 805 1327 Cuius
843 1286 993 1339 fragor
1031 1299 1110 1339 per
1146 1285 1415 1326 uniuersum
1448 1284 1647 1325 intonuit
1680 1296 1799 1324 exer-

156 1358 309 1406 citum,
369 1359 499 1399 Unde
541 1359 706 1399 cohors
748 1358 1103 1399 Teotonicorum
1148 1357 1423 1399 exultatione
1470 1356 1798 1410 perstrepebat3

156 1431 234 1471 sed
275 1434 432 1471 contra
466 1430 584 1471 Dani
626 1431 956 1484 desperationis
996 1431 1272 1472 consternati
1310 1429 1490 1470 tristitia
1523 1428 1796 1482 gemebundi

156 1502 518 1543 murmurabant.
582 1503 674 1544 Rex
711 1516 821 1544 uero
864 1507 912 1543 ut
957 1503 1148 1554 audiuit,
1195 1503 1318 1556 quod
1358 1502 1437 1542 filii
1479 1502 1599 1542 ensis
1637 1501 1798 1541 dissili-

155 1575 307 1627 uisset,
351 1575 397 1615 in
430 1575 634 1628 margine
667 1589 712 1616 se
745 1575 896 1629 pontis
929 1575 1060 1616 iussit
1091 1575 1244 1616 locari.
1306 1576 1475 1616 Verum
1509 1575 1612 1616 Uffo
1646 1574 1797 1615 subito

155 1651 377 1701 exempto,
423 1661 514 1702 quo
554 1647 730 1688 cinctus
762 1652 868 1701 erat,
911 1648 1062 1701 gladio
1095 1647 1260 1701 pugilis
1293 1647 1414 1688 illico
1446 1659 1607 1688 coxam
1642 1659 1798 1687 cruen-

153 1719 286 1771 tauit3
332 1732 416 1760 nec
447 1733 590 1773 mora,
638 1724 678 1761 et
710 1724 849 1774 caput
880 1720 1047 1774 pariter
1078 1720 1349 1773 amputauit.
1413 1720 1486 1761 Sic
1524 1731 1627 1771 ergo
1661 1719 1797 1759 ludus

154 1791 346 1843 fortune,
387 1792 590 1833 adinstar
621 1794 728 1834 lune
760 1794 930 1845 uarius,
971 1805 1097 1833 nunc
1127 1793 1198 1833 his
1231 1805 1355 1833 nunc
1387 1792 1476 1833 illis
1509 1792 1797 1833 successibus

153 1864 386 1916 illudebat,
434 1868 475 1905 et
513 1865 681 1918 quibus
721 1865 910 1906 iamiam
952 1865 1229 1906 exultatione
1260 1865 1445 1905 fauebat
1476 1864 1658 1916 ingenti,
1720 1877 1797 1904 eos

154 1936 387 1978 nouercali
417 1950 524 1978 mox
555 1938 687 1978 uultu
719 1942 943 1992 toruoque
975 1937 1213 1990 conspexit
1242 1937 1423 1977 intuitu.
1473 1938 1569 1977 Hoc
1602 1936 1796 1988 cognito,

154 2009 305 2050 senior
335 2009 428 2050 iam
460 2010 765 2051 confidentius
805 2010 946 2063 priori
986 2023 1032 2050 se
1064 2009 1196 2050 iussit
1228 2011 1332 2050 sede
1364 2009 1516 2050 locari.
1580 2009 1673 2050 Nec
1704 2009 1795 2049 iarn

153 2094 321 2135 anceps
361 2082 439 2122 diu
481 2081 623 2122 extitit
654 2082 858 2123 uictoria.
922 2082 1155 2137 Siquidem
1191 2082 1293 2123 Uffo
1336 2081 1487 2122 ualide
1524 2082 1700 2121 instans
1738 2082 1795 2121 ad

153 2154 300 2207 ripam
341 2154 492 2195 amnis
530 2154 705 2208 pepulit
741 2156 954 2195 heredem
990 2154 1167 2208 imperii
1199 2154 1354 2208 ibique
1387 2167 1492 2194 eum
1524 2155 1648 2194 haud
1681 2154 1796 2194 diffi-

154 2227 296 2267 culter
334 2227 484 2279 gladio
525 2227 762 2280 iugulauit.
826 2227 987 2280 Sicque
1026 2229 1224 2268 duorum
1264 2227 1389 2267 solus
1421 2227 1568 2267 uictor
1599 2226 1795 2267 existens

155 2299 296 2339 Danis
341 2299 587 2351 irrogatam
633 2299 789 2340 multis
837 2303 954 2340 retro
997 2299 1283 2352 temporibus
1322 2299 1560 2339 infamiam
1599 2299 1795 2352 gloriosa

153 2371 320 2412 uirtute
365 2371 608 2424 magnifice
655 2372 764 2412 satis
806 2371 1018 2412 aboleuit.
1082 2372 1227 2425 Atque
1273 2370 1334 2411 ita
1373 2368 1642 2411 Alamannis
1690 2380 1793 2408 cum

153 2442 419 2497 improperii
457 2444 735 2484 uerecundia
775 2444 1055 2498 cassatisque
1098 2443 1330 2484 minarum
1377 2441 1795 2496 ampullositatibus

154 2527 257 2556 cum
305 2516 485 2569 probris
530 2517 587 2556 ad
634 2517 817 2570 propria
862 2516 1186 2569 remeantibus,
1233 2516 1530 2569 postmodum
1577 2515 1622 2554 in
1669 2513 1794 2567 pacis

152 2588 478 2642 tranquillitate
510 2588 706 2642 precluis
739 2589 843 2630 Uffo
874 2589 1001 2640 regni
1033 2589 1101 2629 sui
1132 2588 1315 2641 regebat
1346 2587 1605 2641 imperium.

155 2791 416 2829 Prouerbium
450 2796 507 2829 est
535 2794 794 2830 medioeuale:
825 2794 968 2830 Ludus
1000 2793 1180 2829 fortunae
1212 2794 1399 2830 variatur
1430 2794 1471 2828 in
1499 2793 1646 2828 ordine
1670 2791 1791 2827 lunae.

155 2849 217 2885 22.
249 2850 429 2887 ianuam.
506 2851 568 2887 31.
600 2861 695 2887 cum
729 2851 907 2898 probris
