2150 3584
561 206 854 234 COMPENDIVM
888 207 1086 235 SAxoNJs.
1137 209 1218 236 mu.
1254 209 1328 235 xm
1686 201 1767 238 399

122 321 330 363 Kanutus
362 319 553 373 rogauit,
599 323 645 361 vt
685 320 798 360 vltra
839 319 1004 360 festum
1037 321 1340 371 distuleraret3
1387 323 1603 373 agebatur
1645 324 1764 364 enim

121 397 283 435 octaua
317 392 602 447 Epyphanie.
665 392 768 443 Quo
810 393 1113 445 respondente
1153 407 1200 434 se
1241 395 1367 434 nullo
1412 395 1548 435 modo
1584 397 1766 436 vlterius

120 466 501 517 distuleraturum,
549 465 758 505 Kanutus
798 478 845 505 se
884 477 1153 517 sponsorem
1189 466 1290 507 secit
1324 481 1404 519 pro
1439 468 1621 519 rustico,
1671 482 1767 521 pro—

122 538 305 579 mittens
360 550 464 579 eum
518 537 797 578 sufficienter
843 537 1177 589 corrigendum.
1271 540 1389 579 Dum
1441 541 1523 580 hec
1569 540 1768 591 dixisset,

121 610 233 652 vidit
272 610 421 651 socios
454 609 606 661 Magni
646 609 701 649 de
740 609 942 649 latibulis
982 610 1281 663 prodeuntes;
1329 612 1540 665 quesiuit,
1587 625 1666 652 cur
1709 617 1768 652 tot
1796 620 1813 647 5

121 682 284 725 armati
317 683 540 723 adessent.
604 682 798 734 Magnus
830 682 1078 735 respondit,
1112 683 1201 723 iam
1237 685 1291 723 de
1325 684 1447 735 regni
1482 685 1769 725 successione

121 756 372 808 agendum3
419 767 617 808 cumque
651 754 860 795 Kanutus
894 758 1055 803 oraret,
1100 759 1145 795 vt
1185 760 1312 808 pater
1343 770 1453 797 suus
1488 758 1630 797 multo
1664 762 1769 797 tem-

122 841 230 882 pore
278 827 466 868 feliciter
511 830 739 879 regnaret,
792 827 1051 881 diceretque
1098 841 1190 868 non
1239 841 1335 868 esse
1382 842 1498 881 opus
1546 829 1669 883 loqui
1716 831 1770 869 de

123 900 425 952 successione,
458 899 744 952 obiurgantis
776 912 902 940 more
930 900 1121 952 Magnus
1154 913 1258 941 eum
1288 901 1484 952 grauiter
1510 902 1768 942 inuadebat.

121 973 292 1014 Videns
323 972 460 1025 igitur
486 972 695 1013 Kanutus
727 972 919 1012 insidias
952 977 1229 1025 preparatas,
1262 973 1464 1025 gladium
1499 974 1770 1025 destringere
1799 983 1838 1013 10

122 1045 285 1096 voluit;
333 1058 466 1098 quem
509 1045 621 1084 dum
660 1045 717 1085 ad
759 1044 1049 1085 medietatem
1084 1046 1362 1097 extraxisset,
1411 1047 1603 1098 Magnus
1636 1050 1772 1099 caput

122 1118 219 1159 eius
258 1117 472 1158 diuidens
509 1117 662 1170 ipsum
705 1117 1008 1168 exanimauit3
1056 1118 1186 1158 cuius
1226 1131 1393 1171 corpus
1433 1119 1506 1171 alij
1547 1119 1771 1159 coniurati

123 1190 392 1244 cuspidibus
424 1189 731 1243 perforabant.
780 1190 867 1231 Vbi
899 1195 1052 1230 autem
1086 1191 1271 1243 sanguis
1305 1191 1401 1231 eius
1428 1195 1592 1232 terram
1620 1191 1771 1243 tetigit,

122 1264 225 1304 fons
257 1262 509 1304 scaturiens
541 1262 702 1316 erupit.

208 1335 304 1376 VII.
387 1334 635 1376 Audientes
688 1347 846 1376 necem
896 1335 993 1376 eius
1039 1335 1117 1389 filij
1168 1335 1469 1387 Skialmonis,
1531 1337 1609 1390 qui
1664 1349 1769 1377 cum
1798 1345 1837 1374 15

126 1401 307 1449 Kanuto
350 1407 529 1449 educati
569 1407 762 1460 fuerant,
809 1409 1029 1449 adeuntes
1069 1420 1217 1460 regem
1254 1409 1482 1462 petebant,
1529 1412 1574 1450 vt
1605 1421 1772 1461 corpus

123 1481 220 1522 eius
267 1480 500 1522 Roskildie
548 1481 737 1534 sepelire
783 1485 990 1535 possent;
1051 1481 1127 1535 qui
1185 1481 1348 1522 friuola
1397 1494 1534 1522 causa
1582 1482 1772 1533 allegata

127 1553 334 1606 negabat,
366 1553 520 1594 forsan
555 1557 737 1594 mortuo
770 1567 862 1594 non
896 1553 1086 1607 cupiens
1118 1554 1503 1607 sollempnitatem
1533 1553 1646 1594 tanti
1671 1553 1770 1594 loci.

126 1626 426 1667 Deduxerunt
466 1637 570 1678 ergo
602 1639 770 1680 corpus
802 1626 847 1666 in
883 1626 1120 1678 Ringstath
1152 1626 1307 1680 ibique
1339 1626 1451 1667 illud
1485 1626 1771 1679 sepelierunt.

125 1699 176 1739 In
208 1698 281 1740 via
313 1702 482 1751 autem,
514 1699 590 1740 vbi
624 1711 729 1740 cum
762 1699 924 1740 feretro
958 1699 1228 1753 pausabant,
1260 1699 1363 1739 fons
1395 1699 1586 1752 pulcher
1612 1698 1771 1751 erupit,
1799 1707 1840 1738 20

125 1771 371 1825 multisque
428 1771 529 1812 aliis
583 1771 723 1824 signis
781 1771 998 1812 dominus
1061 1772 1157 1812 eius
1212 1771 1373 1812 merita
1427 1771 1769 1824 comprobabat.

127 1844 363 1885 Publicata
403 1848 557 1885 autem
597 1857 707 1885 nece
747 1844 892 1898 ipsius
932 1848 1054 1886 totus
1094 1845 1293 1898 populus
1325 1845 1439 1885 adeo
1472 1843 1681 1895 indoluit,
1728 1847 1773 1884 vt

125 1916 317 1958 dimisso
342 1916 575 1969 conuiuio,
598 1931 689 1971 quo
711 1917 790 1958 tali
811 1921 1016 1970 tempore
1039 1918 1236 1970 gaudere
1258 1917 1511 1968 consueuit,
1535 1917 1771 1970 publicum

126 1990 301 2030 luctum
333 1993 496 2042 ageret,
532 1990 757 2043 parricide
788 1991 1042 2031 horrendas
1075 1990 1429 2031 maledicciones
1460 1988 1770 2042 imprecando.

127 2062 321 2114 Magnus
359 2065 512 2103 autem
552 2063 795 2115 malignus,
840 2062 972 2117 quasi
1013 2063 1166 2103 emulo
1214 2066 1395 2103 mortuo
1440 2062 1531 2102 iam
1578 2061 1773 2102 totaliter
1799 2070 1840 2100 25

127 2146 329 2187 securus,
377 2148 482 2176 cum
526 2135 621 2176 suis
660 2135 796 2177 sociis
837 2147 1004 2188 magno
1042 2135 1209 2187 gaudio
1241 2134 1532 2188 tripudiabat.
1595 2134 1772 2176 Octauo

126 2210 279 2247 autem
320 2207 392 2248 die
434 2212 536 2261 post
574 2212 769 2249 mortem
814 2208 982 2248 Kanuti
1024 2221 1136 2248 vxor
1175 2207 1272 2248 eius
1305 2207 1563 2259 Ingeburgh
1595 2207 1773 2247 VValde-

127 2291 308 2319 marum
355 2279 502 2320 filiurn
551 2284 617 2322 est
663 2281 807 2322 enixa.
889 2280 1132 2333 Haquinus
1178 2283 1331 2320 autem
1380 2279 1547 2319 nobilis
1593 2291 1646 2319 ac
1692 2278 1769 2332 filij

219 2420 325 2457 1—3.
373 2421 641 2458 distuleraret
665 2451 698 2459 ..
723 2421 1070 2457 distuleraturum
1119 2420 1157 2465 (i.
1203 2431 1231 2456 e.
1279 2419 1487 2455 differret.
1506 2449 1512 2455 .
1531 2419 1774 2463 dilaturum)

129 2477 292 2523 scripsi3
337 2478 1053 2515 dissimularet..dissimulaturum
1093 2477 1205 2513 codd.
1249 2477 1396 2522 inepte3
1444 2476 1520 2512 vid.
1565 2487 1689 2522 supra
1722 2476 1775 2511 ad

126 2546 165 2581 p.
184 2534 278 2580 373,
299 2531 349 2582 5).
412 2537 446 2572 2.
473 2536 646 2572 vlterius
664 2547 741 2572 om.
760 2536 803 2572 Α.
865 2536 899 2571 8.
926 2546 1033 2582 opus
1052 2545 1141 2571 esse
1159 2535 1234 2570 As.
1300 2535 1360 2570 10.
1382 2534 1628 2579 distringere
1648 2533 1774 2576 DVA;

129 2592 375 2638 discingere,
406 2604 508 2630 corr.
539 2604 589 2629 ex
619 2593 844 2639 distingere
877 2593 916 2629 S.
995 2593 1055 2628 11.
1089 2592 1263 2627 extraxit
1294 2592 1339 2627 V.
1417 2591 1475 2626 13.
1509 2590 1695 2636 cuspidis
1730 2590 1772 2625 V.

133 2650 195 2686 15.
239 2648 421 2686 Audiens
454 2651 498 2686 D.
591 2650 813 2687 skalmonis
854 2650 946 2695 DV;
995 2649 1245 2696 skyalmonis
1285 2649 1327 2684 Α.
1423 2650 1482 2684 18.
1525 2648 1697 2693 negebat
1730 2647 1773 2682 V.

129 2706 330 2758 cupiente
357 2708 433 2752 (vel
462 2709 531 2753 —te)
563 2709 607 2744 Α.
686 2709 747 2744 19.
781 2706 998 2753 ringstadh
1031 2707 1083 2751 V;
1129 2706 1357 2752 ringstaedh
1390 2706 1442 2750 Ᾱ;
1487 2705 1699 2750 ringstedh
1735 2703 1773 2739 S.

129 2763 376 2810 sepilierunt
408 2765 443 2801 S.
535 2766 598 2801 21.
639 2765 837 2801 dominus
877 2764 979 2799 deus
1021 2763 1110 2799 eius
1152 2774 1202 2798 m.
1236 2762 1274 2798 S.
1366 2763 1429 2798 23.
1471 2762 1695 2797 conswecit
1730 2761 1773 2795 D.

132 2821 196 2857 24.
232 2820 366 2868 picide
398 2821 483 2867 AS;
530 2822 733 2868 paritcide
772 2822 825 2866 D;
871 2820 1071 2868 paricidie
1103 2821 1148 2856 V.
1239 2821 1303 2856 25.
1346 2819 1528 2855 totaliter
1570 2819 1649 2853 iam
1692 2818 1773 2857 AS;

130 2877 212 2914 iam
259 2878 442 2916 totaliter
486 2882 567 2927 {am
610 2879 654 2915 V.
746 2879 808 2915 26.
855 2877 1104 2924 tripudiauit
1150 2877 1228 2913 DS.
1321 2877 1384 2912 27.
1430 2876 1684 2921 ingeburegh
1728 2875 1774 2913 S:

129 2935 335 2982 ingborch
366 2936 411 2972 Α.
500 2937 788 2973 valdemarum
822 2935 862 2972 S.
941 2936 1005 2971 28.
1037 2934 1168 2970 filium
1202 2935 1290 2970 eius
1323 2934 1366 2970 Α.
1458 2934 1504 2968 H.
1537 2944 1568 2968 a.
1604 2933 1772 2968 nobilis:

127 2995 277 3040 praeter
304 2993 415 3030 hunc
445 2994 564 3030 etiam
596 2993 748 3039 Petrus,
784 2992 952 3029 Botildoe
981 2992 1103 3039 filius,
1137 3003 1160 3027 α
1192 2991 1352 3027 Saxone
1384 2991 1630 3026 nominatur.
