2150 3584
575 192 869 221 coMPEvaM
902 193 1100 223 sixxoms.
1154 196 1236 223 Lm.
1270 196 1311 223 xi
1678 188 1753 227 371

115 319 289 360 genere,
323 308 400 348 sed
433 307 560 348 omni
592 306 757 347 virtute
789 307 1051 360 precellens,
1100 308 1164 348 Ad
1199 309 1330 349 cuius
1362 313 1566 363 tempora
1599 311 1759 352 Scanie

115 380 342 434 prefuerat
373 380 417 420 in
452 379 768 434 spiritualibus
807 379 1050 432 episcopus
1085 381 1418 432 Roskildensis3
1466 387 1574 424 tunc
1605 388 1756 425 autem

115 452 396 503 Scanienses,
443 455 627 505 accepta
669 455 903 504 potestate,
953 452 1191 493 Hinricum
1237 459 1489 506 posuerunt
1531 455 1574 495 in
1612 457 1758 510 Dalby

112 529 154 567 et
187 525 383 578 Eginum
419 524 607 575 Lundis,
644 527 1024 578 certaueruntque
1063 525 1179 566 inter
1211 539 1256 566 se
1290 526 1362 566 isti
1395 528 1486 568 duo
1519 528 1573 568 de
1608 542 1758 581 presu-

113 598 227 648 latu;
276 597 353 638 sed
389 596 578 637 Hinrico
611 609 664 637 ex
697 596 910 637 ebrietate
947 597 1137 650 turpiter
1171 602 1366 647 mortuo,
1415 600 1600 652 Eginus,
1642 602 1758 641 Lun-

112 669 266 711 densis
297 669 555 723 episcopus,
588 673 730 710 totam
764 668 977 710 Scaniam
1011 670 1097 710 sub
1130 683 1176 711 se
1209 671 1387 724 recepit.

198 742 251 783 ΙΙ.
316 742 415 782 Hoc
454 741 501 782 in
541 742 642 782 loco
689 745 866 795 oportet
912 742 1201 783 mencionem
1250 743 1396 784 facere
1442 745 1497 785 de
1543 746 1756 799 Haraldo,

110 814 245 856 fratre
277 814 422 855 sancti
446 814 596 856 Olaui.
646 814 732 855 Hic
763 815 842 855 diu
875 819 977 868 post
1010 819 1202 856 mortem
1238 816 1386 856 fratris
1419 818 1521 857 exul
1554 831 1578 858 a
1612 819 1756 872 patria

110 887 234 941 apud
268 886 533 928 Bizancium
567 887 777 940 degebat,
820 888 951 928 euius
984 887 1071 928 loci
1104 900 1180 928 rex
1212 888 1362 941 ipsum
1398 894 1581 943 propter
1613 891 1757 932 homi-

109 959 281 1000 cidium
335 961 639 1013 dampnatum
694 959 916 1000 iudicauit
969 960 1158 1000 draconi
1219 961 1361 1013 proici
1422 963 1754 1004 deuorandum.

112 1033 320 1074 Habebat
379 1037 532 1073 autem
590 1032 820 1073 Haraldus
874 1033 1121 1086 famulum,
1185 1034 1263 1088 qui
1316 1034 1556 1075 dominum
1620 1049 1754 1076 suum

109 1106 413 1159 dampnatum
446 1105 702 1159 relinquere
735 1105 932 1156 nolebat,
966 1118 1050 1146 nec
1082 1105 1310 1146 dubitauit
1335 1111 1515 1147 antrum
1544 1108 1756 1149 draconis

109 1178 247 1219 simul
277 1178 444 1219 intrare
476 1190 582 1219 cum
615 1191 680 1219 eo.
757 1178 965 1232 Cumque
997 1191 1077 1231 per
1108 1182 1290 1219 antrum
1324 1180 1494 1220 demitti
1527 1180 1755 1232 deberent,

110 1251 339 1291 Haraldus
371 1251 489 1291 clam
522 1250 714 1291 donauit
745 1250 975 1291 armillam
1009 1252 1187 1292 custodi
1219 1251 1356 1302 antri3
1401 1252 1478 1306 qui
1511 1252 1755 1306 pisciculos

107 1323 298 1364 interius
351 1323 516 1377 sparsit
562 1336 699 1377 super
744 1324 1086 1377 pauimentum,
1139 1324 1308 1378 quihus
1361 1325 1498 1366 draco
1551 1326 1753 1379 primum

107 1392 242 1437 famis
287 1396 512 1449 impetum
560 1396 795 1449 mitigaret.
867 1396 1146 1437 Intromissis
1186 1408 1290 1449 ergo
1333 1397 1506 1438 famulo
1546 1399 1672 1439 nudo
1714 1402 1756 1438 et

110 1469 311 1510 Haraldo
338 1473 518 1509 tantum
542 1473 645 1510 ante
669 1470 867 1510 verenda
893 1469 1090 1509 habente
1115 1469 1320 1522 linteum,
1353 1470 1503 1510 statim
1526 1471 1753 1511 Haraldus

107 1554 210 1582 ossa
243 1541 487 1582 hominum
521 1545 831 1582 comestorum
864 1541 926 1582 ibi
958 1545 1135 1595 reperta
1167 1542 1214 1582 in
1246 1542 1337 1582 fine
1360 1542 1484 1583 lintei
1508 1542 1753 1583 fortissime

107 1613 331 1667 stringens
362 1614 493 1668 quasi
525 1627 667 1655 vnum
701 1625 922 1667 magnum
954 1615 1128 1654 nodum
1163 1619 1204 1655 et
1228 1615 1397 1655 durum
1423 1615 1580 1656 effecit.
1631 1616 1751 1655 Dum

105 1685 241 1738 igitur
271 1687 410 1727 draco
443 1699 579 1740 super
610 1687 799 1727 dorsum
833 1687 930 1727 eius
956 1687 1151 1739 saltaret,
1184 1687 1384 1728 famulus
1409 1692 1588 1741 arrepto
1613 1688 1751 1728 linteo

106 1758 351 1800 fortissime
373 1771 479 1800 cum
503 1759 625 1800 nodo
651 1759 826 1800 ossium
852 1763 989 1813 caput
1012 1760 1225 1800 draconis
1250 1760 1493 1813 percussit3
1523 1761 1751 1800 Haraldus

105 1835 258 1872 autem
290 1832 472 1873 cultello
504 1832 694 1884 rasorio,
730 1845 867 1886 quem
899 1832 1054 1872 forsan
1085 1836 1253 1873 tectum
1289 1845 1443 1873 secum
1476 1836 1750 1886 portauerat‚

105 1904 374 1945 vmbilicum
429 1904 642 1945 draconis
694 1904 910 1958 perfodit,
965 1905 1072 1958 quia
1124 1905 1232 1945 alibi
1290 1909 1471 1958 propter
1526 1905 1749 1946 duriciam

104 1980 323 2017 testarum
370 1976 458 2017 ledi
505 1990 598 2018 non
645 1981 832 2030 poterat.
922 1977 1160 2018 Interfecto
1207 1982 1359 2018 autem
1407 1978 1626 2030 dracone,
1672 1991 1750 2019 rex

104 2049 340 2090 admirans
381 2062 458 2090 eos
497 2049 693 2090 libertati
731 2050 938 2102 restituit,
982 2054 1118 2104 atque
1157 2049 1363 2090 tribuens
1404 2050 1467 2090 eis
1510 2063 1675 2091 nauem
1711 2055 1752 2090 et

104 2120 317 2162 victualia
350 2121 476 2163 abire
508 2122 725 2175 permisit.
789 2123 1016 2164 Reuersus
1050 2123 1280 2163 Haraldus
1313 2123 1601 2175 Norwegiam
1640 2123 1751 2176 opti-

193 2301 300 2336 1—2.
333 2300 547 2347 prefuerat
579 2301 726 2338 Scanie
751 2300 827 2337 AS.
890 2302 923 2336 4.
957 2304 995 2337 et
1028 2302 1193 2347 eginum
1220 2299 1284 2346 V2‚
1315 2301 1384 2337 sed
1414 2304 1454 2337 et
1483 2311 1512 2337 s.
1546 2312 1590 2346 s.,
1624 2301 1749 2337 deleta

105 2356 244 2403 aliqua
291 2357 422 2394 littera
468 2359 536 2404 (r);
585 2358 750 2406 eginum
797 2359 889 2402 (om.
936 2360 988 2403 et)
1035 2358 1084 2399 ὃς
1137 2358 1281 2404 reginfi
1321 2359 1415 2404 (pro
1451 2362 1470 2395 7
1516 2359 1649 2404 eginfi)
1695 2359 1749 2403 D;

104 2414 288 2460 regimen
307 2415 638 2461 Lundense(!)A.
699 2411 949 2452 lunb'DVA.
1007 2415 1115 2451 5—6.
1133 2416 1258 2461 episc.
1277 2415 1408 2451 Lund.
1428 2415 1466 2451 S.
1531 2417 1748 2451 11.autem

104 2484 142 2518 et
178 2494 302 2519 suum
344 2494 422 2521 om.
454 2484 494 2521 S.
586 2485 647 2521 12.
690 2484 852 2520 dubitat
891 2485 988 2530 (pro
1019 2470 1176 2528 dubita)
1209 2483 1248 2520 S.
1342 2483 1401 2520 13.
1441 2494 1516 2530 per
1554 2495 1601 2520 os
1641 2484 1749 2520 antri

102 2539 210 2576 Saxo
242 2540 394 2577 melius.
481 2541 632 2577 dimitti
664 2541 790 2584 codd,
823 2541 989 2577 correxi.
1054 2542 1115 2578 14.
1148 2540 1351 2587 qdonauit
1382 2541 1427 2585 V,
1458 2541 1527 2576 sed
1558 2553 1581 2588 9
1610 2543 1748 2587 postea

103 2596 287 2635 deletum.
359 2599 420 2635 15.
451 2599 589 2645 primo
621 2599 705 2644 AS3
737 2599 885 2645 primae
916 2597 1035 2634 Saxo.
1112 2598 1171 2635 16.
1204 2598 1428 2644 mittigaret
1460 2598 1506 2634 D.
1578 2598 1640 2635 17.
1675 2598 1748 2633 lin-

103 2654 247 2691 theum
287 2655 401 2700 VAS,
447 2655 539 2691 item
578 2655 663 2701 fere
701 2656 743 2691 1'12
783 2666 887 2702 seqq.
980 2656 1040 2691 19.
1086 2664 1219 2701 magn.
1265 2657 1305 2690 et
1345 2654 1435 2691 dur.
1475 2655 1631 2690 nodum
1672 2655 1748 2691 AS.

105 2711 169 2748 20.
201 2711 587 2749 draco..sa1taret:
634 2713 876 2759 epitomator
912 2711 1087 2748 Saxonis
1129 2711 1260 2757 verba,
1299 2722 1478 2757 prauam
1521 2711 1747 2758 interpunc-

104 2768 251 2804 tionem
283 2771 451 2816 secutus,
485 2770 591 2806 male
622 2768 834 2813 intelleaeit;
866 2769 1080 2804 dicendum
1114 2771 1217 2805 erat:
1250 2769 1357 2804 Dum
1390 2768 1516 2815 igitur
1547 2769 1675 2805 draco
1704 2769 1746 2805 in

103 2835 175 2861 eos
216 2826 406 2870 irrueret,
452 2826 931 2873 famulus..percussit;
980 2826 1188 2862 Haraldus
1228 2829 1366 2861 autem
1406 2836 1534 2872 super
1572 2826 1745 2862 dorsum

103 2882 193 2918 eius
230 2883 387 2919 saltans
424 2884 593 2920 cultello
613 2883 856 2930 ..perfodit
935 2883 998 2919 21.
1031 2883 1227 2919 draconis
1259 2882 1397 2929 capud
1429 2883 1474 2920 V.
1553 2883 1616 2919 22.
1650 2893 1745 2918 cum

103 2939 272 2976 cultello
305 2940 345 2977 S.
435 2941 598 2977 rasorio
631 2951 708 2976 om.
741 2941 816 2977 AS.
906 2950 1048 2976 secum
1081 2943 1235 2976 tectum
1270 2940 1314 2975 D.
1396 2939 1459 2976 23.
1493 2939 1744 2975 vmbelicum

103 2996 330 3033 drachonis
363 2997 409 3043 S3
442 2998 699 3034 vmbiculum
733 2997 769 3034 d.
796 2998 841 3033 D.
919 2996 1033 3033 alubi
1058 2998 1102 3033 Α.
1177 2997 1381 3032 duriciem
1414 2996 1488 3033 As.
1552 2997 1614 3033 25.
1647 2996 1744 3032 libe-

102 3053 181 3089 rati
212 3053 256 3090 Α.
331 3055 475 3091 statuit
505 3058 544 3091 et
575 3054 764 3091 tribuens
795 3054 846 3100 A3
878 3054 1022 3090 statuit
1054 3054 1243 3090 tribuens
1277 3053 1315 3090 S.

1786 970 1825 1000 10

1783 1334 1822 1365 15

1778 1698 1820 1729 20

1777 2062 1818 2092 25
