2150 3584
538 204 832 232 COMPENDWM
866 205 1063 234 saxosus.
1114 207 1194 234 mn.
1230 208 1321 235 xiiii
1668 201 1748 238 413

107 331 246 372 quam
277 318 526 359 abstulerat
550 317 635 358 sibi
661 317 800 370 prius.
841 318 931 368 Qui
959 319 1145 359 veniens
1173 321 1360 372 pallium
1381 325 1501 375 apud
1525 324 1747 363 Eskillum

107 390 331 444 deposuit,
379 403 471 445 quo
503 390 809 442 insigniretur,
856 391 933 444 qui
968 391 1142 443 primus
1176 393 1343 434 Swecie
1377 395 1750 448 archiepiscopus

107 463 364 515 eligeretur,
411 466 634 515 statuens,
681 467 727 503 vt
772 463 1104 517 archiepiscopi
1153 465 1321 506 Swecie
1370 467 1506 519 pallio
1554 481 1576 506 a
1626 469 1747 507 curia

105 539 285 589 recepto
324 549 404 589 per
444 535 842 589 archiepiscopum
885 537 1177 577 Lundensem
1227 542 1442 591 tanquam
1486 553 1619 579 suum
1665 541 1749 592 pri-

107 611 275 649 matem
302 607 607 660 insigniantur
632 607 1097 662 confirmacionisque
1125 610 1397 651 beneficium
1425 612 1482 652 ab
1507 625 1558 651 eo
1587 616 1750 664 petant,
1780 621 1792 635 f

107 681 399 721 Lundensem
434 681 587 721 sedem
616 684 835 734 perpetuo
861 681 1082 734 obsequio
1112 683 1387 731 vene1·atu1·i;
1419 684 1549 724 cuius
1575 685 1751 724 ordina-

107 752 252 793 cionis
283 753 689 794 confirmacionem
724 766 804 806 per
835 754 1008 794 curiam
1034 755 1305 807 repromisit.
1355 756 1488 806 Quod
1515 760 1556 797 et
1582 757 1748 797 sactum

107 828 192 876 est;
225 838 332 866 nam
365 825 485 866 idem
519 825 766 866 cardinalis
797 827 854 866 ad
887 826 1061 866 curiam
1095 827 1286 879 rediens,
1322 832 1501 868 mortuo
1535 829 1751 880 Eugenio‚

106 897 152 938 in
192 910 360 952 papam
401 901 466 939 est
507 899 689 950 electus,
737 898 1122 953 promissumque,
1171 901 1292 953 quod
1342 901 1514 952 legatus
1556 901 1751 942 existens

107 970 288 1022 fecerat,
320 984 438 1024 papa
473 970 618 1012 factus
649 970 870 1024 impleuit.

193 1042 266 1084 IX.
316 1043 490 1084 Deinde
509 1044 684 1095 Sweno,
717 1057 907 1097 sperans
934 1044 1153 1085 Sweciam
1189 1045 1406 1098 optinere,
1438 1046 1545 1100 quia
1566 1046 1752 1087 Swerko

106 1116 198 1156 iam
232 1129 369 1157 senex
401 1119 508 1168 erat,
557 1116 770 1156 Finniam
812 1120 852 1156 et
885 1117 1178 1158 Werendiam
1221 1118 1500 1168 deuastanit,
1546 1121 1616 1157 secl
1648 1118 1753 1159 inde

107 1192 290 1242 propter
314 1188 604 1242 asperitatem
629 1189 808 1242 hyemis
834 1193 876 1229 et
898 1190 1123 1230 defectum
1149 1189 1449 1230 iumentorum
1474 1190 1518 1230 in
1540 1190 1751 1231 Scaniam

108 1265 173 1302 est
203 1274 428 1302 reuersus.
478 1262 585 1302 Post
614 1262 702 1302 hoc
726 1262 971 1315 populares
994 1262 1038 1301 in
1060 1262 1221 1303 Scania
1249 1276 1295 1303 se
1329 1266 1486 1303 contra
1520 1267 1754 1315 magnates

108 1338 357 1375 erexerunt.
405 1334 474 1374 Ad
506 1335 629 1387 quod
663 1335 916 1375 sedandum
951 1348 1027 1375 rex
1059 1334 1400 1375 multitudinem
1434 1339 1751 1387 congregatam

107 1398 367 1459 ingrediens
413 1407 595 1447 dextera
644 1420 784 1447 manu
826 1410 1000 1447 extenta
1043 1407 1333 1448 audienciam
1382 1408 1664 1460 postulabat;
1712 1411 1756 1447 at

107 1478 172 1519 illi
204 1492 299 1520 non
331 1479 480 1520 solum
514 1479 840 1531 reclamabant,
888 1480 966 1520 sed
1007 1479 1151 1520 eciam
1192 1480 1238 1520 in
1278 1493 1381 1521 eum
1415 1480 1590 1533 lapides
1622 1480 1755 1521 iacta-

108 1551 230 1592 bant.
281 1551 412 1593 Tunc
444 1552 632 1606 quidam
666 1553 828 1593 Tokko
862 1552 1130 1605 sollempnis
1162 1553 1386 1606 populum
1420 1553 1577 1593 sedare
1609 1554 1755 1606 potuit

107 1635 349 1678 regemque
403 1624 634 1674 liberauit;
697 1626 774 1666 sed
831 1624 1029 1665 obiratus
1083 1638 1180 1677 rex,
1240 1638 1423 1666 reuerso
1477 1626 1649 1678 populo
1696 1626 1753 1665 ad

109 1696 313 1750 propria,
374 1698 517 1738 multa
571 1697 707 1751 opida
763 1697 964 1738 incendit
1017 1710 1070 1738 ac
1121 1701 1262 1738 totam
1310 1701 1477 1738 terram
1524 1698 1752 1751 spoliauit,

108 1773 375 1823 actoresque
415 1769 578 1823 prioris
617 1771 842 1810 tumultus
882 1774 960 1810 aut
991 1770 1081 1810 vita
1115 1775 1192 1810 aut
1224 1770 1357 1811 bonis
1392 1770 1603 1823 priuauit.
1666 1770 1750 1812 Sed

107 1842 197 1882 hoc
227 1841 399 1883 factum
432 1842 669 1883 Swenonis
704 1844 884 1883 Kanuto
916 1843 1001 1883 fuit
1032 1843 1211 1884 occasio
1244 1842 1568 1896 prosperitatis.

193 1915 244 1955 X.
308 1915 416 1955 Post
454 1915 544 1956 hoc
585 1916 792 1956 Kanutus
833 1919 875 1956 et
912 1916 1235 1956 Waldemarus
1277 1915 1506 1955 artissimo
1546 1915 1752 1956 amicicie

110 1986 294 2028 vinculo
340 1987 536 2040 colligati
584 1992 700 2029 sunt.
777 1988 924 2029 Amici
972 1988 1092 2028 enim
1143 1988 1308 2028 Kanuti
1357 1987 1580 2037 videntes,
1627 1990 1750 2042 quod

108 2073 348 2113 nunquam
402 2064 559 2101 contra
617 2060 887 2102 Swenonem
944 2061 1201 2114 proficeret,
1264 2060 1350 2100 nisi
1403 2060 1747 2100 Waldemarum

109 2132 311 2173 amicum
349 2133 550 2185 haberet,
597 2137 814 2186 ceperunt
857 2147 1059 2174 sororem
1104 2132 1271 2173 Kanuti
1311 2146 1364 2173 ex
1404 2137 1559 2183 matre,
1608 2132 1749 2173 filiam

109 2204 279 2245 scilicet
311 2204 584 2258 Swerkonis,
619 2206 853 2259 Sophiam,
893 2206 1149 2259 frequenter
1182 2217 1336 2246 coram
1369 2205 1664 2245 Waldemaro
1696 2206 1751 2245 de

142 2363 148 2365 .
197 2333 231 2368 2.
264 2333 403 2380 dep6it
434 2334 473 2370 S.
536 2335 570 2370 4.
604 2338 771 2381 recepta
805 2335 922 2370 DvA.
985 2335 1019 2369 5.
1051 2334 1353 2380 insignirentur
1384 2333 1422 2368 S.
1492 2333 1526 2368 7.
1559 2336 1597 2368 et
1630 2334 1751 2378 DAS,

108 2392 170 2426 est
214 2390 259 2426 V.
366 2391 427 2427 12.
485 2391 670 2437 fynniam
720 2392 837 2428 DVA.
941 2392 1013 2427 sed
1067 2391 1163 2426 inde
1215 2390 1375 2436 scripsi,
1436 2390 1585 2426 deinde
1640 2390 1750 2426 codd.

112 2447 175 2483 13.
206 2447 489 2484 iumentorum
523 2448 667 2495 scripsi
706 2447 927 2497 (equorum
961 2459 1009 2484 ex
1042 2448 1264 2494 asperitate
1296 2447 1493 2482 itinerum
1526 2447 1751 2493 inopiaque

113 2504 255 2550 pabuli
276 2509 419 2541 coorta
438 2506 630 2541 debilitas
648 2503 787 2553 Saxo);
810 2506 1071 2549 interiorum,
1098 2507 1140 2541 ui
1157 2505 1246 2549 vici,
1275 2505 1363 2547 DV;
1394 2504 1623 2540 niterorum
1639 2506 1682 2548 (Ἰ)
1701 2504 1752 2548 Α;

108 2561 292 2597 iutorum
305 2560 345 2611 (l)
369 2562 397 2598 S
419 2561 731 2611 (alimentorum
760 2560 998 2609 Lanyebelc).
1063 2563 1124 2598 14.
1153 2562 1251 2598 Post
1275 2561 1351 2597 hec
1379 2561 1453 2597 As.
1519 2562 1579 2597 15.
1605 2561 1752 2597 cedan-

109 2618 208 2654 dum
250 2620 294 2654 Α.
388 2621 448 2656 16.
489 2620 670 2655 extendit
718 2620 861 2655 dextra
901 2618 1079 2667 manu(!)
1117 2619 1157 2655 S.
1252 2619 1313 2654 18.
1351 2618 1608 2664 sollempnis,
1656 2618 1678 2653 i.
1719 2629 1748 2654 ε.

111 2675 276 2712 nobilis.
368 2678 428 2713 19.
467 2677 656 2713 obiratus
688 2677 831 2722 scripsi
860 2676 959 2725 (rex,
991 2680 1115 2712 tantae
1148 2675 1412 2711 contumeliae
1444 2675 1749 2711 deformitatem

110 2743 274 2768 summa
298 2733 598 2780 indignationis
623 2734 813 2770 molestia
831 2737 1081 2780 prosecutus
1098 2731 1239 2780 διττῶς
1263 2732 1464 2767 liberatus
1481 2732 1592 2767 codd.
1611 2732 1751 2778 inepte.

114 2790 280 2826 19—20.
313 2793 479 2839 reuerso
513 2792 671 2838 populo
703 2791 832 2826 multa
867 2791 1038 2837 propria
1068 2790 1193 2837 opida
1206 2788 1246 2838 (!)
1272 2789 1310 2824 S.
1373 2789 1436 2824 21.
1469 2792 1643 2829 actores,
1675 2789 1696 2824 i.
1722 2800 1750 2824 e.

110 2849 314 2883 auctores
405 2848 468 2884 23.
511 2848 719 2884 artissime
759 2848 802 2883 Α.
893 2848 1061 2883 25—26.
1112 2845 1637 2894 proficerent..haberent
1676 2846 1751 2881 As.

112 2904 175 2940 27.
216 2904 375 2940 scilicet
404 2903 471 2953 (Αἵ)
509 2916 586 2941 om.
618 2905 694 2940 As.
771 2905 866 2940 Hoec
905 2903 1021 2940 verba
1055 2904 1107 2940 fil.
1140 2915 1195 2939 sc.
1228 2902 1466 2939 Swerkonis
1497 2903 1753 2948 epitomatori

111 2960 316 3005 debentur,
364 2963 400 2996 et
439 2963 478 2998 1⁸11
521 2962 584 2997 his
622 2962 799 3007 errauit;
846 2961 1010 2997 Richiza
1057 2972 1105 2997 m·
1147 2960 1293 3006 primis
1339 2959 1422 2995 suis
1467 2960 1618 3004 nuptiis
1658 2970 1748 2994 cum

112 3017 274 3063 Mayno,
320 3019 481 3055 Aicolai
517 3020 621 3066 reyis
655 3019 753 3065 filio,
802 3019 1008 3055 Kanutum
1048 3018 1168 3054 enixa
1208 3019 1282 3060 est,·
1328 3017 1473 3052 deinde
1517 3016 1750 3052 wladimiro

115 3073 365 3120 (Volodaro),
416 3075 694 3113 Ruthenorum
735 3076 925 3122 principi,
974 3076 1121 3120 nupsit,
1168 3074 1234 3109 cui
1262 3073 1457 3119 Sophiam
1488 3073 1637 3119 yenuil,
1683 3073 1751 3109 sed

114 3141 212 3168 mox
241 3142 332 3168 eum
363 3133 543 3180 reliquit‚·
570 3135 775 3180 postremo
805 3133 967 3169 Swerko
999 3143 1087 3168 eam
1122 3142 1287 3168 uxorem
1320 3129 1471 3166 habuit.

1780 982 1819 1012 10

1782 1345 1821 1374 15

1780 1707 1821 1738 20

1777 2070 1819 2100 25
