2150 3584
288 1078 329 1109 10

289 1445 330 1475 15

290 1806 332 1837 20

292 2168 333 2198 25

296 2813 337 2843 30

354 187 432 226 120
699 193 972 223 scmPTOREs
1005 192 1234 221 HlsromAE
1265 191 1442 220 DANICAE
1474 191 1673 220 MINORES

1150 299 1206 363 X

353 418 507 469 fugam
543 414 863 456 uehementius
895 413 1190 454 accelerabat.
1256 413 1340 452 Nec
1379 413 1507 465 prius
1536 412 1710 464 restitit,
1756 416 2002 467 antequam

354 491 409 531 ad
457 489 619 530 urbem
666 487 889 541 prefatam
936 486 1231 539 peruenisset.
1323 484 1471 535 Quem
1526 484 1677 526 Sclaui
1723 489 2004 536 contuentes,

354 561 567 616 populari
601 563 697 601 orta
731 559 967 610 seditione,
1009 558 1202 598 diuersis
1233 557 1517 611 captiuatum
1549 557 1777 598 mortibus
1808 561 2005 598 tormen-

353 636 500 689 tisque
532 632 768 686 exquisitis
800 630 1140 671 adiudicabant.
1203 631 1373 671 Verum
1415 642 1521 683 pars
1569 630 1708 671 electa
1754 630 2005 684 primatum

354 706 627 761 precellebat
665 703 858 745 consilio
899 703 1082 744 saniori.
1146 702 1412 743 Consultius
1454 715 1656 757 namque
1701 703 2006 744 autumabant

354 792 492 820 censu
540 791 645 818 eum
693 776 893 830 plurimo
939 775 1286 828 redimendum,
1349 776 1471 816 unde
1525 775 1705 816 Sclauia
1757 775 2007 829 perenniter

354 851 628 904 locupletata
661 849 890 902 gauderet,
938 847 1106 901 opibus
1139 848 1378 889 Dauo-rum
1413 848 1660 900 exhaustis,
1704 861 1843 901 quam
1877 848 2006 889 breui

355 927 500 965 morte
531 922 785 963 trucidatus
816 920 1025 961 interiret.
1077 920 1310 961 Modicum
1339 933 1540 973 namque
1566 920 1804 961 communi
1830 921 2007 962 cederet

355 995 551 1048 utilitati,
579 995 615 1035 si
643 994 853 1048 captiuus
878 993 1039 1033 mortis
1061 993 1392 1046 dampnaretur
1414 992 1696 1034 exterminio.
1732 994 2008 1045 Delegantur

356 1070 507 1123 itaque
554 1067 706 1120 legati,
761 1066 838 1121 qui
884 1077 1024 1118 regno
1070 1064 1354 1117 renuntient,
1409 1069 1637 1119 quatenus
1689 1077 1841 1118 regem
1886 1064 2006 1107 trino

357 1141 528 1194 argenti
582 1145 622 1181 et
676 1139 774 1180 auri
828 1138 1058 1180 redimant
1111 1139 1335 1191 pondere3
1396 1138 1521 1192 quod
1574 1138 1653 1179 diu
1705 1139 1867 1193 exequi
1913 1152 2007 1180 non

357 1214 643 1254 distulerunt.
707 1213 918 1265 Namque
960 1211 1179 1251 uniuerso
1215 1210 1358 1251 ferme
1399 1211 1525 1263 regni
1561 1223 1702 1252 censu
1734 1212 2008 1264 coadunato,

358 1285 705 1327 occurrentibus
743 1285 789 1325 in
822 1284 1106 1336 Winningha
1139 1296 1244 1324 cum
1278 1295 1380 1336 rege
1413 1283 1644 1337 captiuato
1678 1283 1841 1335 Slauis,
1890 1284 2007 1325 Dani

356 1371 508 1411 regem
548 1357 768 1398 redimere
810 1369 902 1397 non
942 1356 1267 1397 detrectabant.
1330 1356 1385 1396 At
1428 1356 1505 1396 ubi
1548 1368 1713 1396 census
1754 1356 1851 1397 eius
1891 1357 2008 1398 solu-

356 1431 470 1473 tioni
502 1444 595 1472 non
628 1430 869 1482 sufficeret,
902 1431 1204 1470 decreuerunt
1237 1432 1444 1469 matrone
1477 1428 1571 1469 suis
1599 1428 1837 1469 ornatibus
1865 1442 2007 1470 mam-

357 1517 493 1545 mone
528 1502 865 1552 inferioritatem
898 1501 941 1542 in
974 1501 1091 1553 regis
1122 1512 1338 1553 coaugere
1371 1501 1747 1554 redemptionem.
1799 1502 2008 1556 Namque

358 1576 568 1628 annulos,
615 1574 844 1623 armillas,
900 1574 1085 1614 inaures
1132 1578 1174 1614 et
1218 1573 1407 1614 monilia
1454 1559 1551 1627 (ac)
1597 1578 1783 1627 torques
1829 1586 2009 1628 queque

358 1649 478 1701 regio
519 1647 676 1689 censui
709 1646 957 1687 adicientes
991 1646 1270 1687 sufficienter
1302 1646 1542 1698 augebant.
1606 1646 1711 1696 Quo
1744 1646 1936 1699 expleto,
1983 1659 2008 1687 a

358 1732 459 1773 rege
478 1721 596 1761 Dani
623 1720 859 1773 syluarum
888 1723 929 1759 et
953 1732 1196 1760 nemorum
1223 1718 1372 1772 primo
1399 1718 1666 1759 communia
1692 1718 2007 1771 impetrarunt.

360 1793 630 1834 Mulieribus
663 1806 861 1846 quoque,
904 1805 956 1833 eo
998 1792 1119 1845 quod
1155 1791 1281 1844 prius
1314 1795 1499 1844 paterne
1531 1804 1714 1844 prorsus
1745 1791 2008 1832 hereditatis

359 1870 508 1907 essent
563 1870 784 1917 exsortes,
847 1865 905 1906 ob
958 1867 1275 1905 matronarum
1331 1864 1536 1904 fauorem
1594 1868 1636 1904 et
1686 1863 2005 1905 benefitiorum

359 1939 649 1979 collationem
683 1938 877 1992 posteris
909 1938 1087 1991 primus
1128 1936 1300 1988 tribuit,
1347 1941 1573 1990 quatenus
1616 1949 1745 1977 soror
1787 1937 1916 1977 fratri
1954 1938 2009 1977 de

360 2014 496 2052 cetero
542 2011 589 2051 in
633 2010 783 2052 media
822 2009 994 2051 familie
1033 2009 1336 2050 herciscunde
1375 2009 1584 2062 portione
1632 2009 2007 2050 communicaret.

361 2084 498 2124 Omni
543 2095 742 2137 namque
780 2082 947 2123 rationi
986 2086 1347 2122 consentaneum
1386 2080 1632 2121 arbitratus
1672 2066 1789 2134 <est>‚
1837 2081 2009 2121 sincere

361 2155 617 2196 dilectionis
649 2155 975 2195 exhibitionem
1009 2153 1422 2207 benefitiorumque
1453 2153 1745 2194 collationem
1779 2153 1878 2206 pari
1910 2153 2010 2194 uice

360 2227 725 2281 recumpensari,
781 2239 834 2267 ac
880 2227 917 2267 si
964 2227 1133 2267 diceret
1177 2225 1351 2266 scilicet:
1413 2226 1585 2266 ‘eadem
1633 2237 1873 2277 mensura,
1919 2237 2008 2278 qua

362 2300 507 2340 mensi
540 2299 728 2353 fueritis,
761 2300 1023 2340 remetietur
1056 2298 1215 2339 uobis?

1071 2544 1193 2585 CAP.
1230 2545 1301 2584 IX.

457 2616 675 2693 Mortuo
719 2651 929 2692 Suenone
972 2651 1093 2692 filius
1134 2651 1231 2692 eius
1273 2651 1476 2692 Canutus
1516 2650 1562 2690 in
1601 2660 1739 2702 regno
1782 2647 2011 2700 successit,

364 2737 500 2776 quem
534 2727 574 2764 et
608 2723 768 2763 Senem
804 2724 1204 2775 cognominabant.
1269 2723 1355 2764 Hic
1388 2723 1513 2775 regni
1546 2722 1616 2763 sui
1648 2721 1868 2762 terminos
1900 2720 2010 2761 mire

366 2796 544 2836 uirtutis
593 2795 792 2848 potentia
840 2795 1059 2836 dilatauit.
1124 2797 1241 2836 Nam
1290 2796 1348 2836 ab
1396 2795 1556 2835 ultima
1604 2794 1715 2847 Tyle
1761 2806 1907 2846 usque
1952 2793 2008 2833 ad

366 2869 612 2908 Grecorum
663 2867 802 2907 ferme
850 2867 1094 2921 imperium
1144 2868 1310 2908 uirtute
1354 2866 1596 2920 multiplici
1639 2863 2009 2907 circumiacentia

456 3000 485 3034 1.
519 3000 613 3034 Stet.
676 2999 784 3034 6--7,
819 2999 1012 3044 peruenit
1035 2999 1255 3045 locupleta.
1323 3000 1381 3035 10.
1413 3001 1485 3034 tuo
1510 2995 1606 3045 (pro
1632 2982 1725 3041 imo).
1790 2996 1849 3031 16.
1875 2994 2009 3030 infini-

368 3059 488 3090 tatem
525 3056 672 3100 regisq,
706 3065 855 3101 augere
888 3055 982 3101 (pro
1016 3052 1264 3092 ins‘rioritatc·
1291 3057 1331 3091 in
1359 3056 1466 3101 regis
1491 3053 1695 3103 oaugere').
1761 3054 1822 3089 20.
1856 3051 2009 3099 prioris
