2150 3584
502 205 795 234 COMPENDIVM
830 207 1027 236 SAXONIS.
1079 209 1160 236 Lm.
1197 210 1269 237 Vlll
1623 201 1705 239 323

57 324 211 375 postea
261 319 476 372 eligentes
523 318 608 359 sibi
649 319 812 360 ducem
857 320 1113 360 Siwardum
1160 324 1281 375 apud
1327 324 1542 364 Feoniam
1585 325 1707 364 deui-

56 397 224 434 cerunt.
274 392 442 432 Iterum
476 396 632 431 contra
667 404 743 432 eos
770 391 813 432 in
832 392 963 433 Jucia
992 405 1201 445 pugnans
1227 394 1452 435 infelicem
1491 401 1704 437 euentum

56 464 158 505 belli
207 464 387 514 habuit;
442 463 507 504 sic
553 463 688 515 igitur
734 465 917 504 amissis
965 465 1127 505 Scania
1177 470 1217 505 et
1263 467 1392 507 Jucia
1442 469 1707 508 deformiter

55 537 228 578 insulas
259 522 418 591 (solas)
452 536 745 577 intermedias
777 538 1020 578 detinebat.
1070 539 1153 578 Sed
1189 543 1229 578 et
1257 540 1551 587 Jarmericus,
1587 542 1705 581 lilius

55 622 178 660 suus,
210 621 264 649 ac
295 610 381 649 due
417 609 506 650 filie
539 609 636 649 eius
668 609 712 649 in
740 610 929 663 predam
950 610 1192 650 Slauorum
1229 617 1471 657 venerunt3
1505 627 1698 666 quarum

54 682 192 722 altera
225 686 380 734 postea
414 681 594 722 vendita
629 682 713 722 suit
744 682 789 722 in
811 682 1114 735 Norwegiam,
1149 684 1287 723 altera
1323 685 1365 723 in
1397 686 1703 736 Germaniam,

54 767 106 795 eo
147 754 269 807 quod
310 754 541 794 connubia
582 754 834 807 antiquitus
868 754 1044 795 venalia
1079 756 1273 796 fuerunt.
1339 757 1528 809 Insuper
1561 762 1601 796 et
1635 759 1704 796 tri-

54 829 230 877 butum,
277 827 399 880 quod
443 826 561 866 Dani
601 827 658 867 ab
699 827 924 868 extraneis
965 827 1163 880 recipere
1204 828 1425 878 solebant,
1472 829 1566 881 ipse
1614 830 1701 868 iam

53 899 238 939 reddere
280 899 536 951 cogebatur.
601 899 720 938 Dum
766 899 900 950 igitur
943 899 1250 940 consideraret
1282 913 1416 940 casus
1448 914 1557 941 suos
1589 903 1702 941 adeo

54 971 255 1012 infelices
287 975 328 1011 et
360 971 603 1022 deformes,
636 971 790 1011 statuit
823 971 866 1011 in
901 972 1037 1012 corde
1071 985 1154 1012 suo
1187 973 1332 1024 magis
1368 973 1551 1013 viriliter
1587 974 1700 1013 mori

24 1056 190 1097 ,quam
231 1047 323 1084 tam
368 1044 639 1097 probrosam
683 1045 848 1084 ducere
896 1044 1049 1084 vitam.
1114 1044 1254 1096 Igitur
1301 1046 1458 1085 habito
1505 1046 1700 1085 exercitu

52 1115 235 1156 cuidam
283 1116 495 1169 Symoni,
544 1116 809 1168 procuranti
857 1116 1070 1157 Scaniam
1119 1117 1205 1156 sub
1253 1118 1474 1169 Gotharo,
1531 1118 1700 1158 bellum

52 1187 231 1238 indixit3
263 1188 311 1228 in
342 1201 434 1242 quo
466 1189 618 1229 occiso
652 1188 854 1242 Symone
886 1201 939 1229 ac
972 1200 1135 1241 magna
1171 1193 1314 1241 strage
1349 1191 1548 1230 hostium
1585 1191 1700 1230 facta

52 1264 93 1300 et
137 1260 233 1314 ipse
280 1261 449 1314 pariter
497 1262 637 1302 vitam
684 1261 847 1301 finiuit.
920 1261 1020 1302 Non
1070 1266 1223 1302 tamen
1271 1262 1414 1314 patria
1462 1275 1486 1302 a
1536 1263 1702 1303 tributo

53 1332 240 1374 liberata
271 1333 366 1374 fuit.

137 1401 232 1447 VII.
312 1406 431 1447 Huic
477 1406 694 1447 successit
743 1407 1007 1458 ButhluS,
1070 1406 1205 1447 frater
1252 1408 1367 1459 eius,
1429 1420 1505 1447 rex
1559 1408 1701 1459 magis

50 1478 236 1518 nomine
275 1492 414 1532 quam
455 1493 515 1520 re.
579 1479 766 1520 Interim
812 1479 1094 1520 „larmericus
1141 1491 1244 1519 cum
1294 1479 1574 1520 collactaneo
1618 1493 1700 1520 suo

52 1549 275 1592 Gunnone
308 1552 431 1605 apud
458 1563 608 1604 regem
630 1552 873 1592 Slauorum
894 1551 1139 1591 Ysmarum
1172 1551 1219 1591 in
1252 1564 1430 1592 carcere
1456 1552 1700 1614 detinetur3

53 1622 157 1663 inde
211 1625 398 1664 tandem
454 1628 610 1665 erutus
657 1624 842 1678 ponitur
887 1624 944 1663 ad
992 1637 1108 1677 opus
1154 1624 1375 1664 rusticum
1424 1625 1698 1665 faciendum.

51 1695 185 1746 Quod
226 1696 337 1737 dum
378 1697 492 1737 bene
533 1697 723 1749 fecisset,
773 1696 957 1750 ponitur
990 1696 1203 1748 magister
1235 1696 1443 1737 omnium
1478 1697 1697 1748 regalium

53 1781 314 1819 seruorum;
371 1771 556 1810 tandem
604 1769 801 1810 sumitur
847 1769 892 1809 in
940 1781 1186 1809 numerum
1235 1770 1324 1821 regi
1371 1769 1699 1815 se1·uiencium;

51 1845 280 1893 postremo
312 1846 579 1895 assumptus
609 1843 654 1882 in
684 1855 929 1882 numerum
957 1841 1213 1882 amicorum
1241 1842 1441 1894 primum
1470 1842 1700 1882 familiari-

51 1912 151 1953 tatis
184 1914 336 1954 locum
371 1915 493 1968 apud
527 1926 677 1966 regem
712 1914 904 1954 tenebat.
970 1915 1103 1955 Grata
1144 1914 1226 1954 fuit
1267 1914 1483 1954 omnibus
1523 1914 1699 1955 indoles

50 1984 253 2036 iuuenis;
286 1987 382 2027 sola
415 1987 568 2039 regina
603 2000 706 2027 eum
742 1991 1004 2040 suspectum
1039 1987 1250 2027 habebat.
1304 1986 1500 2038 Contigit
1532 1991 1698 2035 autem,

49 2061 94 2098 vt
139 2058 324 2099 absente
366 2071 467 2111 rege
510 2059 791 2100 Jarmericus
837 2059 1138 2100 domesticam
1186 2071 1343 2099 curam
1391 2071 1495 2099 cum
1544 2058 1696 2110 regina

50 2141 178 2182 agere
223 2131 428 2181 deberet3
484 2132 564 2186 qui
611 2133 665 2172 de
714 2132 929 2172 manibus
977 2132 1220 2173 Slauorum
1270 2132 1463 2171 euadere
1510 2131 1698 2184 cupiens

51 2202 277 2255 cogitauit,
316 2204 510 2257 qualiter
543 2204 744 2256 reginam
778 2208 819 2244 et
852 2204 1068 2244 excubias
1101 2204 1315 2244 deludere
1349 2207 1511 2256 posset.
1576 2204 1699 2243 Fecit

135 2320 168 2356 1.
201 2321 408 2366 elegentes
440 2321 495 2365 V;
541 2321 778 2368 eligendum
792 2319 833 2369 (!)
863 2321 902 2357 S.
994 2322 1029 2357 2.
1069 2323 1213 2356 contra
1257 2331 1350 2356 eum
1384 2321 1425 2356 in
1458 2321 1619 2356 Juciam
1654 2322 1697 2355 A.

51 2377 85 2412 4.
117 2377 228 2413 solas
252 2377 395 2414 addidi
422 2376 653 2427 (dumtaxat
677 2376 810 2426 Saxo).
872 2379 906 2414 5.
940 2381 979 2413 et
1005 2378 1086 2414 due
1114 2378 1157 2413 D.
1229 2388 1410 2424 quorum
1423 2376 1463 2426 (Ι)
1486 2377 1530 2413 A.
1593 2379 1625 2413 7.
1659 2381 1697 2413 et

51 2443 126 2471 om.
149 2435 193 2470 A.
255 2435 288 2471 8.
322 2435 513 2482 accipere
539 2435 577 2471 S.
641 2436 749 2471 8-9.
782 2435 861 2481 ipsi
893 2434 976 2483 (sed
999 2446 1101 2471 corr.
1129 2445 1178 2470 ex
1203 2432 1331 2482 ipse).
1351 2464 1357 2470 .
1376 2434 1633 2481 cogebantur
1658 2435 1696 2470 S.

54 2491 114 2528 11.
163 2492 292 2538 Igitur
329 2491 395 2528 VS
435 2490 591 2540 (Saxo);
640 2492 747 2538 Ergo
791 2493 870 2528 DA.
964 2493 1024 2528 12.
1069 2492 1288 2527 cuiusdam
1329 2493 1372 2528 A.
1464 2492 1610 2527 Scania
1653 2493 1696 2527 A.

56 2548 115 2584 13.
156 2549 303 2585 indixit
345 2548 460 2598 (corr.
501 2560 551 2585 ex
587 2547 766 2596 induxit)
803 2549 850 2593 S,
897 2560 973 2585 om.
1018 2550 1143 2594 DVA3
1190 2549 1415 2584 denunciat
1454 2559 1502 2584 ear
1537 2548 1698 2584 Saxone

49 2605 140 2642 add.
173 2605 396 2652 Lanyebelc.
480 2607 541 2643 16.
573 2606 785 2652 Inscriptio
818 2607 859 2642 in
895 2608 947 2642 D:
997 2606 1173 2641 Buthlus
1207 2607 1279 2647 453
1326 2606 1366 2641 in
1400 2606 1449 2641 A:
1499 2606 1556 2641 De
1590 2605 1696 2650 Rege

54 2661 204 2698 Buthlo
237 2663 365 2699 fratre
396 2664 686 2705 antecessoris,
719 2665 755 2698 et
786 2664 825 2698 in
860 2674 1007 2709 marg:
1050 2673 1144 2698 Lvn.
1178 2663 1295 2698 Butle
1328 2663 1498 2698 Siuerds
1532 2663 1695 2698 broder.

55 2719 113 2754 17.
131 2719 386 2756 collectaneo
404 2721 518 2756 codd.
578 2722 638 2756 18.
658 2721 862 2756 Ismarum
882 2720 924 2756 A.
987 2718 1306 2768 detinuerunt&
1323 2720 1361 2755 S.
1420 2720 1480 2755 19.
1500 2723 1636 2755 tamen
1657 2719 1696 2754 S.

53 2775 114 2812 20.
154 2778 341 2813 omnium
376 2778 572 2824 magister
605 2778 648 2814 D.
739 2779 804 2814 24.
848 2788 960 2823 susp.
994 2777 1159 2812 tenebat
1191 2777 1266 2813 AS.
1360 2777 1421 2812 25.
1455 2776 1616 2812 absenti
1652 2777 1695 2811 D.

15 2836 139 2877 .post
174 2834 431 2870 Jarmericus
472 2835 513 2871 in
555 2835 625 2870 DV
666 2840 714 2870 cu
748 2833 931 2874 liabetur,
981 2835 1020 2870 in
1057 2834 1088 2869 A
1129 2838 1180 2878 tsi,
1228 2834 1267 2868 1'11
1310 2844 1388 2879 quo
1428 2833 1524 2879 quid
1564 2834 1693 2876 lateat,

52 2890 200 2933 nescim
230 2890 321 2936 fort.
349 2893 389 2927 in
416 2892 638 2942 archetypo
662 2902 711 2927 ea·
734 2891 913 2937 sequenti
937 2894 1111 2936 chram)
1144 2891 1203 2925 vel
1226 2901 1318 2926 curn
1346 2890 1451 2925 male
1474 2890 1695 2935 anticipato

51 2949 180 2983 ortum
224 2950 331 2993 erat,·
379 2948 592 2996 Lanqebelc
622 2949 790 2991 deleuit,·
838 2949 878 2983 in
912 2948 939 2983 S
972 2948 1133 2994 Ie9itu1‘:
1180 2948 1295 2983 Cont.
1337 2950 1473 2982 autem
1518 2951 1556 2982 vt
1594 2947 1691 2982 dum

55 3003 247 3041 abscente
286 3015 380 3051 rege
419 3007 452 3043 J.
493 3017 588 3042 cum
628 3007 736 3041 dom.
778 3016 920 3041 curam
963 3015 993 3040 c.
1035 3016 1065 3040 r.
1098 3017 1131 3040 a.
1164 3005 1200 3040 d.
1291 3005 1353 3039 26.
1395 3004 1610 3039 saluorum
1655 3004 1693 3039 S.

52 3061 224 3107 cupiens
256 3063 440 3099 euadere
472 3064 518 3102 V.

1732 984 1769 1012 lo

1728 1345 1767 1375 15

1725 1708 1767 1738 20
