2150 3584
314 977 354 1007 10

316 1342 356 1372 15

316 1706 358 1737 20

375 193 457 231 378
719 201 994 230 scmPTOREs
1028 200 1254 229 ffls‘romAE
1285 200 1462 228 DANICAE
1494 200 1694 229 M1NoREs

463 317 535 357 IX.
588 316 788 356 Haraldo
821 318 1004 355 mortuo
1034 315 1308 366 Kanutus,
1341 327 1420 367 per
1451 314 1612 354 fratres
1638 326 1746 354 suos
1771 315 1826 354 de
1852 314 2024 355 Swecia

376 392 632 440 reuocatus,
679 388 726 428 in
766 399 918 440 regem
960 387 1247 427 sublimatur.
1311 386 1401 437 Qui
1444 385 1596 426 statim
1627 389 1784 438 terras,
1831 399 1947 440 quas
1978 386 2026 426 in

376 460 692 502 adolescencia
723 460 1030 512 infestauerat,
1078 470 1316 511 aggressus
1357 471 1452 499 non
1491 458 1618 511 prius
1658 458 1840 511 destitit,
1886 471 2024 512 quam

376 545 514 586 regna
563 532 760 584 Sambie,
809 532 1054 573 Curlandie
1101 536 1143 572 et
1176 531 1362 572 Estonie
1402 531 1580 571 deleret.
1654 529 1852 571 Sublatis
1894 530 2028 582 igitur

377 605 589 647 hostibus
613 605 725 645 dum
743 617 931 645 onrem
956 605 1090 645 vellet
1115 605 1294 656 ducere,
1326 603 1478 644 AEthel
1502 616 1550 643 re
1582 606 1623 643 et
1651 602 1852 655 nomine,
1883 603 2027 643 filiam

378 677 564 719 Roberti
611 677 790 718 comitis
838 677 1067 725 Flandrie,
1123 676 1364 728 coniugem
1412 675 1588 727 habuit,
1643 675 1698 715 de
1743 688 1835 729 qua
1879 675 2028 716 filium

380 751 602 791 Karolum
630 749 876 802 generauit.
909 748 1080 789 Videns
1108 752 1261 789 autem
1289 748 1408 800 leges
1433 748 1579 788 bonas
1607 751 1649 788 et
1673 748 2030 789 consuetudines

379 822 574 863 abolitas
620 825 948 876 magnatesque
993 821 1148 862 viuere
1186 821 1448 870 insolenter,
1490 824 1658 860 statum
1691 820 1835 874 patrie
1877 821 2029 874 quoad

378 895 608 935 iusticiam
642 907 724 947 pro
756 894 932 934 viribus
963 893 1194 947 reparauit
1235 905 1288 933 ac
1325 892 1421 933 sine
1452 897 1660 946 respectu
1693 892 1929 945 sanguinis
1959 893 2031 933 vel

381 967 588 1008 amicicie
630 967 825 1018 rigorem
872 966 984 1007 iuris
1025 966 1273 1007 exercebat.
1344 965 1474 1006 Circa
1517 965 1729 1006 diuinum
1770 965 1946 1005 cultum
1978 978 2032 1005 ac

383 1040 480 1081 eius
512 1039 746 1080 ministros
786 1038 990 1079 debitam
1028 1038 1319 1090 diligenciam
1352 1038 1615 1089 adhibebat,
1655 1042 1710 1090 et,
1752 1042 1796 1078 vt
1828 1037 2031 1090 episcopi

383 1112 428 1152 in
462 1113 638 1152 honore
670 1111 823 1151 debito
856 1111 1147 1163 haberentur,
1181 1097 1363 1165 (statuit,
1404 1113 1445 1150 vt
1471 1109 1668 1164 primum
1703 1109 1810 1149 inter
1837 1122 2033 1163 proceres

384 1187 524 1226 Iocum
573 1185 699 1225 iuxta
746 1185 873 1225 duces
912 1170 1158 1238 haberent.)
1221 1184 1384 1225 Statuit
1424 1184 1583 1235 eciam,
1630 1187 1676 1224 vt
1715 1184 1868 1224 clerici
1908 1184 2032 1237 apud

384 1271 492 1299 suos
521 1258 760 1311 episcopos
787 1258 858 1298 vel
880 1269 1031 1310 regem
1058 1257 1353 1298 solummodo
1378 1256 1703 1297 iudicarentur.
1753 1257 1840 1296 Pro
1857 1255 2032 1297 viribus

384 1331 529 1371 eciam
576 1331 802 1384 populum
847 1330 1040 1382 induxit,
1088 1333 1135 1369 vt
1180 1329 1382 1370 decimas
1430 1328 1616 1370 ecclesie
1658 1329 1908 1378 soluerent;
1954 1329 2032 1369 sed

382 1404 430 1443 in
462 1404 549 1444 hac
579 1403 877 1456 persuasione
909 1403 1032 1456 apud
1064 1403 1224 1442 rudem
1260 1402 1483 1455 populum
1518 1414 1612 1442 non
1644 1401 1846 1454 profecit.

468 1476 520 1516 X.
569 1476 745 1516 Interea
764 1475 925 1516 Sweno
951 1475 1194 1528 episcopus
1221 1473 1536 1516 Roskildensis
1569 1473 1757 1514 ecclesie
1785 1473 2034 1526 edificium,

385 1549 508 1603 quod
529 1549 807 1589 VVilhelmus
833 1561 969 1588 saxeo
995 1561 1132 1601 opere
1156 1547 1469 1598 inchoauerat,
1502 1546 1865 1596 consummauit3
1898 1549 2035 1599 atque

385 1634 468 1675 pro
515 1621 692 1674 pulpito
736 1621 932 1661 locando
979 1621 1245 1673 sepulcrum
1284 1619 1523 1660 Wilhelmi
1570 1618 1747 1659 amouit
1791 1618 2035 1671 posuitque

386 1707 490 1735 ossa
523 1695 619 1734 eius
651 1693 698 1734 in
731 1694 846 1745 loco,
878 1693 955 1734 vbi
987 1693 1141 1733 adhuc
1172 1692 1426 1746 quiescunt.
1476 1692 1579 1742 Quo
1612 1692 1732 1732 facto
1763 1694 1896 1732 nocte
1928 1704 2035 1744 qua-

386 1767 491 1807 dam
534 1766 828 1818 Wilhelmus,
875 1765 1218 1819 pontificalibus
1264 1765 1468 1816 indutus,
1520 1763 1704 1805 sacriste
1750 1763 1798 1804 in
1845 1763 2035 1804 ecclesia

387 1839 633 1880 dormienti
665 1838 711 1878 in
739 1851 936 1891 sompno
968 1839 1181 1891 apparuit
1207 1837 1511 1891 precepitque,
1543 1841 1590 1878 vt
1614 1836 1782 1877 diceret
1807 1835 2034 1888 Swenoni,

389 1912 597 1952 sufficere
637 1911 721 1952 sibi
763 1911 941 1963 debere,
983 1911 1106 1964 quod
1147 1910 1405 1951 edificando
1445 1909 1670 1962 templum
1702 1908 1892 1961 gloriam
1926 1908 2036 1949 Wil-

388 1984 528 2025 helmi
569 1984 656 2024 sibi
696 1983 1034 2037 assumpsisset,
1080 1996 1137 2023 ne
1176 1983 1320 2024 eciam
1362 1995 1465 2023 ossa
1505 1982 1602 2023 eius
1633 1981 1907 2036 inquietaret
1937 1984 1978 2021 et
2009 1993 2034 2021 a

344 2070 357 2078 ³
388 2057 626 2098 carissimo
668 2056 755 2097 sibi
795 2067 898 2108 rege
936 2060 1192 2107 amoueret3
1239 2055 1370 2096 cuius
1409 2055 1515 2095 facti
1547 2067 1713 2108 penam
1745 2054 1901 2106 lueret,
1948 2052 2035 2093 nisi

386 2130 475 2171 vite
514 2129 611 2170 eius
644 2129 859 2169 sanctitas
892 2129 1104 2170 obstaret.
1169 2128 1415 2169 Edificium
1449 2132 1602 2168 tamen
1642 2127 1700 2167 ab
1731 2127 1832 2180 ipso
1864 2126 2036 2167 factum

478 2264 511 2299 1.
544 2262 756 2309 Inscriptio
789 2262 830 2298 in
864 2262 916 2298 D:
965 2262 1142 2298 Sanctus
1175 2262 1366 2297 Kanutus
1397 2261 1439 2296 in
1473 2261 1635 2296 othens.
1671 2260 1759 2305 7393
1807 2259 1848 2294 in
1879 2260 1932 2294 A:
1977 2258 2036 2293 De

390 2321 497 2367 Rege
531 2321 683 2356 Sancto
718 2320 896 2363 Kanuto,
943 2321 979 2355 et
1009 2319 1050 2354 in
1084 2329 1231 2365 maro:
1275 2328 1388 2355 xcm.
1423 2318 1571 2354 Sancte
1605 2317 1739 2353 Knud.
1816 2317 1850 2352 3.
1883 2315 2036 2351 infesti-

390 2376 617 2425 nauerat(!)
649 2377 730 2413 DV.
808 2378 842 2412 4.
879 2376 1037 2412 fambre
1068 2376 1113 2411 V.
1188 2375 1361 2412 delieret
1391 2377 1424 2411 Α
1457 2376 1516 2411 vel
1547 2375 1716 2410 deberet
1747 2374 1799 2420 (et
1830 2373 1944 2410 initio
1976 2370 2038 2419 S);

327 2468 335 2483 ,
390 2435 569 2471 delesset
600 2434 720 2470 Saxo.
809 2434 936 2480 igitur
968 2444 1046 2469 om.
1082 2433 1120 2469 S.
1212 2434 1246 2469 5.
1279 2444 1324 2469 re
1356 2436 1394 2469 et
1423 2431 1479 2481 (et
1509 2433 1549 2468 in
1586 2431 1635 2480 D)
1668 2432 1854 2467 nomine:
1885 2430 1962 2466 hoc
1990 2429 2038 2465 de

389 2503 461 2528 sao
502 2492 592 2528 add.
626 2491 886 2538 epitomator;
932 2490 1002 2536 cfr.
1038 2492 1173 2526 tamen
1205 2490 1385 2526 Ailnoth.
1416 2501 1502 2535 cap.
1540 2489 1636 2525 VIII.
1730 2490 1764 2524 6.
1804 2488 1959 2534 roperti
1993 2485 2036 2523 Α.

392 2552 426 2586 8.
460 2552 762 2596 magnatosque
796 2549 850 2594 D,
883 2550 1096 2594 magnates
1127 2545 1221 2595 (om.
1253 2545 1350 2594 que)
1381 2547 1457 2583 AS.
1520 2547 1554 2582 9.
1587 2557 1664 2592 pro
1697 2545 1857 2581 viribus
1889 2555 1966 2580 om.
1997 2544 2036 2580 S.

390 2607 656 2653 recuperauit
674 2606 714 2642 S.
783 2606 842 2642 10.
861 2605 1105 2652 vigoremV.
1170 2605 1504 2641 11.adhibeatA.
1566 2601 1702 2651 effisp:
1728 2600 1932 2649 episcopi)
1949 2601 2037 2646 DV;

389 2665 448 2710 iffi
484 2662 540 2712 (02
581 2663 677 2710 ipsi)
714 2663 790 2699 AS.
883 2663 944 2699 12.
990 2662 1203 2698 Lacunam
1251 2661 1511 2707 manifestam
1558 2671 1607 2696 ex
1644 2660 1804 2696 Saxone
1842 2658 2038 2705 suppleui.

394 2722 454 2757 13.
486 2722 617 2757 eciam
655 2721 743 2765 DV,
775 2723 814 2756 et
844 2720 921 2756 As.
985 2721 1046 2755 14.
1078 2719 1298 2755 solomodo
1328 2719 1367 2755 S.
1432 2720 1492 2754 15.
1528 2717 1715 2753 ecclesiis
1747 2716 1961 2752 soluerent
1985 2715 2037 2761 V;

390 2779 604 2814 soluerent
627 2778 815 2814 ecclesiis
833 2777 909 2813 AS.
975 2777 1037 2812 16.
1057 2776 1406 2823 perseueracione
1425 2776 1464 2812 S.
1531 2775 1692 2811 17-18,
1710 2773 2037 2818 edificacionem,

391 2850 409 2871 a
445 2837 505 2871 W.
538 2839 712 2882 ceptam,
745 2845 869 2871 saxeo
903 2845 1030 2880 opere
1064 2837 1312 2879 prosecutus
1345 2832 1463 2869 Saxo.
1533 2833 1593 2868 18.
1625 2831 1892 2868 consumauit
1922 2829 2035 2866 codd.

396 2894 455 2929 19.
488 2893 646 2929 amouit
677 2892 752 2928 AS.
829 2892 874 2927 In
909 2901 1038 2936 mary.
1075 2890 1119 2926 S:
1160 2890 1371 2926 wilhelmi
1403 2891 1602 2926 sanctitas
1635 2889 1676 2924 in
1710 2888 1790 2924 hiis
1822 2887 2037 2934 probatur.

394 2952 455 2986 21.
490 2950 737 2986 Wilhelmus
770 2960 847 2985 om.
880 2949 957 2984 AS.
1019 2948 1083 2984 22.
1118 2948 1232 2995 apuit
1263 2948 1308 2983 V.
1370 2947 1537 2983 23-24.
1572 2946 1625 2982 ob
1657 2945 1833 2992 gloriam
1866 2944 1924 2980 W.
1956 2943 2037 2980 sibi

392 3006 830 3055 consun1asset(!)AS.
895 3007 957 3042 24.
986 3016 1061 3041 nec
1086 3006 1216 3041 eciam
1237 3005 1276 3041 S.
1337 3005 1400 3041 25.
1427 3003 1650 3040 karissimo
1669 3003 1751 3041 DV.
1821 3003 2037 3038 §.moueret

391 3064 503 3101 codd.
