2150 3584
359 1038 397 1068 10

358 1399 397 1429 15

356 1763 398 1792 20

357 2125 398 2155 25

425 253 508 293 240
762 263 1037 292 SCRIPTORES
1069 263 1295 292 HISTORIAE
1327 263 1504 292 DANICAE
1534 263 1735 292 Mmosses

425 378 540 429 regis
573 377 717 418 Danie
749 377 1020 430 supradicti,
1061 380 1106 418 vt
1139 390 1276 430 supra
1309 376 1483 417 dictum
1516 381 1592 417 est.
1672 377 1756 418 Hic
1786 377 1832 418 in
1866 377 2066 431 puericia

425 463 507 490 sua
540 450 624 489 fuit
655 450 741 490 sub
772 450 911 489 tutela
944 449 1134 500 Gewari,
1180 448 1557 502 sollempnissimi
1588 449 1687 500 viri,
1733 449 1811 502 qui
1843 449 1890 490 in
1923 450 2068 499 Gestis

424 522 590 562 dicitur
621 522 764 562 eciam
797 535 894 572 rex3
934 535 1026 576 quo
1058 525 1263 574 tempore
1295 521 1454 561 didicit
1485 534 1670 562 omnem
1704 525 1848 562 artem
1880 522 2067 563 ludendi

424 594 471 634 in
497 594 683 635 musicis
708 594 1037 646 instrumentis,
1070 594 1130 634 ita
1155 594 1278 647 quod
1305 593 1546 634 arbitrium
1571 606 1707 634 suum
1734 593 1869 634 sciuit
1891 594 2069 636 flectere

426 680 503 719 per
536 666 905 706 modulacionem
939 666 1210 707 affecciones
1252 667 1482 707 humanas
1523 666 1579 706 ad
1613 665 1832 718 gaudium
1865 670 1907 707 et
1937 666 2068 707 tristi-

424 739 556 790 ciam,
589 740 645 778 ad
678 738 794 779 iram
828 742 870 778 et
901 739 1059 779 fletum
1093 742 1135 779 et
1165 742 1338 780 ceteras
1370 738 1640 779 huiusmodi
1671 737 1921 792 passiones.
1983 739 2069 779 Tot

424 811 598 851 artibus
645 810 743 851 eius
790 810 965 852 Gewari
1013 811 1106 851 filia
1149 811 1313 851 Nanna
1360 811 1492 851 valde
1538 811 1756 851 delectata
1803 811 2067 864 amplexum

425 884 522 924 eius
553 887 764 937 appetere
796 883 925 936 cepit.
989 883 1164 924 Accidit
1194 886 1363 935 autem,
1395 887 1441 924 vt
1473 883 1707 935 Balderus,
1749 883 1872 923 filius
1903 883 2069 931 Othen,

426 956 595 996 videret
627 969 795 1009 corpus
829 956 991 997 Nanne
1022 956 1250 996 abluentis
1283 969 1329 996 se
1361 955 1407 995 in
1440 969 1581 1009 aqua,
1628 968 1682 996 ex
1719 955 1851 996 cuius
1882 958 2067 1008 aspectu

424 1032 550 1069 tanto
582 1028 960 1068 inflammabatur
991 1029 1047 1068 ad
1081 1041 1182 1068 eam
1215 1041 1386 1079 amore,
1425 1032 1472 1068 vt
1504 1029 1775 1079 Hotherum,
1822 1041 1901 1081 per
1933 1040 2069 1081 quem

425 1100 510 1140 sibi
543 1100 923 1153 impedimentum
961 1100 1055 1141 fore
1082 1101 1308 1151 credebat,
1340 1100 1546 1141 occidere
1570 1103 1825 1141 conaretur.
1870 1100 1937 1141 Eo
1961 1103 2069 1141 tem-

426 1186 547 1226 pore,
580 1174 691 1213 dum
727 1173 958 1214 Hotherus
990 1176 1250 1224 venaretur,
1282 1176 1467 1226 propter
1499 1173 1716 1214 nebulam
1749 1172 2070 1226 superuenien-

424 1249 514 1286 tem
557 1258 713 1285 errans
759 1245 877 1285 venit
910 1246 965 1285 ad
1000 1246 1235 1299 quoddam
1268 1246 1489 1286 conclaue
1520 1245 1750 1297 virginum
1782 1245 1828 1286 in
1861 1245 1997 1295 silua,
2044 1258 2068 1284 a

425 1318 593 1371 quibus
611 1319 796 1371 proprio
824 1318 1010 1358 nomine
1035 1318 1258 1358 salutatus
1285 1317 1497 1372 quesiuit,
1530 1331 1618 1371 que
1643 1321 1804 1360 essent.
1853 1317 1931 1358 Ille
1953 1317 2070 1357 dice-

425 1390 533 1430 bant
565 1389 660 1430 suis
692 1390 931 1431 adiutoriis
962 1390 1195 1431 fortunam
1228 1391 1454 1431 bellorum
1487 1390 1579 1443 geri
1612 1403 1666 1430 ac
1692 1403 1738 1430 se
1766 1403 1900 1444 posse
1924 1389 2069 1431 homi-

425 1462 561 1502 nibus
593 1463 835 1516 disponere
869 1476 1084 1516 prospera
1117 1463 1187 1503 vel
1226 1463 1442 1513 aduersa,
1489 1463 1720 1503 addebant
1751 1462 1911 1514 eciam,
1958 1475 2067 1515 qua-

427 1535 524 1576 liter
557 1535 788 1582 Baldems,
834 1548 970 1589 quem
1004 1535 1149 1576 eciam
1182 1535 1437 1576 semideum
1471 1535 1785 1589 appellabant,
1831 1535 1878 1575 in
1910 1535 2070 1576 collac-

424 1612 605 1648 taneam
639 1607 736 1648 eius
764 1608 977 1648 Nannam
1011 1607 1240 1659 exarserit,
1272 1608 1623 1662 consuluntque,
1656 1620 1712 1648 ne
1742 1606 1895 1660 ipsum
1928 1606 2070 1647 armis

424 1680 617 1731 infestet,
655 1680 848 1721 deorum
881 1680 1055 1721 semine
1087 1683 1391 1734 procreatum.
1472 1680 1569 1720 Hiis
1608 1680 1741 1721 dictis
1787 1679 2069 1721 domuncula

424 1765 529 1793 cum
577 1752 830 1805 virginibus
877 1752 1116 1806 disparuit,
1163 1765 1217 1793 ac
1262 1752 1307 1792 in
1357 1752 1508 1793 medio
1548 1765 1713 1806 campo
1754 1752 1986 1793 Hotherus
2025 1765 2071 1792 se

424 1825 611 1865 inuenit.
685 1825 883 1866 Credens
925 1825 1060 1877 igitur
1092 1838 1138 1865 se
1171 1824 1460 1866 ludificatum
1492 1826 1547 1865 ad
1584 1825 1825 1866 Gewarum
1857 1823 2069 1873 accessit,

424 1898 545 1951 quod
580 1897 766 1948 viderat,
799 1897 1003 1938 narrauit
1035 1910 1089 1938 ac
1122 1897 1336 1937 Nannam
1369 1897 1513 1938 filiam
1546 1897 1643 1938 eius
1675 1896 1836 1951 petiuit
1865 1902 2085 1938 imorem(

425 1970 515 2020 Qui
548 1970 795 2023 respondit,
828 1971 950 2023 quod
984 1969 1284 2010 libentissime
1318 1969 1404 2010 sibi
1428 1970 1568 2022 daret,
1601 1971 1679 2011 sed
1704 1969 1817 2010 dixit
1840 1982 1886 2010 se
1910 1969 2070 2009 timere

424 2042 793 2094 indignacionem
814 2042 1007 2093 Balderi,
1039 2042 1118 2095 qui
1150 2041 1243 2082 iam
1277 2055 1378 2082 eam
1404 2042 1627 2096 petiuerat
1653 2043 1710 2083 ab
1738 2041 1862 2096 ipso,
1895 2040 2072 2081 addidit

426 2115 585 2166 eciam,
617 2115 740 2168 quod
766 2127 933 2168 corpus
953 2114 1131 2155 Balderi
1165 2115 1395 2155 vulnerari
1428 2128 1521 2156 non
1555 2118 1720 2168 posset,
1752 2114 1886 2155 sciret
1917 2109 2069 2154 tamen

425 2187 643 2239 gladium,
689 2200 781 2240 quo
827 2200 951 2227 mors
998 2186 1037 2227 ei
1084 2190 1238 2240 posset
1283 2187 1454 2240 infligi,
1500 2187 1746 2240 ipsumque
1793 2199 1818 2226 a
1866 2185 2071 2237 Miming,

426 2258 648 2299 siluarum
692 2259 846 2311 satiro,
887 2259 1134 2312 possideri,
1181 2258 1259 2313 qui
1298 2259 1443 2300 eciam
1484 2260 1673 2300 haberet
1703 2258 1947 2311 armillam,
1993 2270 2072 2311 per

426 2344 564 2384 quam
599 2331 766 2371 diuicie
797 2336 1083 2384 augerentur.

516 2475 546 2510 1.
573 2473 728 2523 dan(n')
745 2473 864 2523 D(V).
927 2478 968 2512 vt
993 2488 1024 2513 s.
1049 2476 1086 2513 d.
1111 2479 1173 2513 est
1196 2488 1273 2512 om.
1293 2476 1340 2521 S,
1373 2479 1413 2512 vt
1431 2477 1467 2512 d.
1485 2487 1518 2513 e.
1536 2487 1664 2523 supra
1683 2477 1726 2512 A.
1788 2476 1823 2511 2.
1843 2485 1917 2510 sua
1935 2485 2013 2510 om.
2032 2474 2071 2509 S.

426 2531 584 2567 solenn.
617 2532 657 2568 S.
732 2533 753 2568 3
799 2532 922 2568 discit
952 2534 992 2570 S.
1055 2534 1090 2570 4.
1124 2533 1265 2569 malim
1301 2534 1415 2579 quod
1448 2533 1500 2569 ad
1531 2533 1651 2569 arbit.
1723 2533 1758 2569 5.
1791 2531 1997 2568 modolac.
2032 2531 2070 2566 S.

428 2590 463 2624 6.
505 2592 543 2624 et
584 2590 634 2624 ad
677 2590 712 2624 ss.
756 2589 802 2634 S,
849 2590 914 2625 ad⁴
943 2591 980 2626 ss.
1012 2592 1055 2626 A.
1133 2592 1168 2627 7.
1214 2591 1345 2627 eciam
1386 2593 1480 2637 (pro
1521 2591 1625 2636 eius)
1655 2591 1699 2626 A.
1775 2589 1951 2625 delicata
1984 2589 2071 2633 DA,

426 2646 592 2682 ‹tilicata
631 2647 670 2682 S.
738 2647 796 2683 10.
837 2647 1136 2684 inflamabatur
1174 2648 1211 2683 S.
1289 2649 1338 2684 ad
1380 2659 1469 2684 eam
1510 2659 1588 2684 om.
1632 2648 1677 2683 D.
1756 2647 1818 2684 11.
1863 2646 1953 2682 fieri
1994 2645 2070 2682 AS.

427 2703 659 2740 conabatur
685 2704 760 2739 AS.
826 2704 887 2739 13.
912 2716 1058 2741 errans
1082 2716 1159 2741 om.
1187 2705 1262 2741 AS.
1324 2706 1525 2742 conclaue
1558 2704 1772 2752 quoddam
1797 2703 1873 2740 AS.
1934 2702 2069 2739 insula

427 2760 470 2795 V.
537 2761 698 2797 13—14.
724 2763 763 2796 et
788 2761 943 2807 quibus
969 2762 1007 2798 S.
1082 2763 1144 2798 15.
1179 2763 1305 2798 adiut.
1326 2793 1332 2799 .
1355 2763 1465 2809 ,geri
1497 2762 1629 2808 codd,
1661 2760 2072 2808 auspiciis..guber-

429 2817 516 2853 nari
558 2817 665 2853 Saxo
704 2818 855 2854 rectius.
948 2819 1109 2855 16—17.
1150 2820 1263 2867 quod
1311 2820 1492 2866 qualiter
1532 2820 1576 2856 D.
1664 2819 1723 2855 17.
1765 2817 1986 2854 semidium
2026 2817 2070 2853 V.

434 2874 594 2911 17—18.
637 2875 809 2910 collcam
858 2879 912 2918 (m
953 2876 1212 2921 collacteam)
1257 2878 1321 2913 AS
1368 2878 1427 2922 (ut
1471 2877 1605 2921 Saxo).
1700 2876 1761 2912 18.
1803 2874 1957 2911 exarsit
1994 2874 2070 2911 AS.

433 2931 594 2967 19—20.
635 2932 933 2968 domunculam
974 2944 1005 2968 e.
1047 2945 1081 2969 v.
1122 2934 1285 2970 inuenit
1324 2934 1583 2980 disparuisse
1614 2934 1658 2969 A.
1735 2932 1900 2968 20-21.
1933 2932 2070 2978 campi

432 2988 476 3022 H.
509 2998 552 3023 se
585 2989 686 3024 vidit
717 2990 760 3024 A.
823 2990 886 3025 22.
918 3001 1089 3026 vxorem
1123 2991 1270 3037 petiuit
1287 2993 1330 3027 A.
1393 2992 1456 3027 24.
1489 3001 1579 3026 eam
1612 2991 1693 3026 iarn
1728 2989 1766 3025 S.
1835 2989 1898 3025 26.
1931 2991 2072 3035 posset

428 3045 462 3079 ei
497 3046 538 3080 A.
601 3046 663 3082 26.
697 3046 808 3091 infigi
847 3047 899 3091 D,
931 3046 1097 3093 infringi
1132 3047 1207 3084 AS.
1270 3049 1470 3095 mimingh
1505 3048 1551 3093 S,
1583 3055 1824 3094 mymmyng
1856 3047 1899 3082 A.
