2150 3584
319 1326 358 1357 10

319 1688 359 1718 15

319 2046 361 2078 20

321 2409 363 2440 25

379 198 432 241 96
721 209 995 240 SCRIPTORES
1028 210 1254 241 HISTORIAE
1286 211 1462 240 DANICAE
1495 210 1693 239 MINORES

1175 325 1231 384 X

379 431 513 484 gestis
546 432 776 472 modicam
802 431 1074 485 impendens
1097 444 1299 485 operam,
1332 444 1448 485 quos
1471 430 1593 471 fama
1616 431 1812 482 gloriosa
1834 430 2025 472 circum-

381 504 544 545 uolans
568 504 762 557 preterit.
799 504 944 555 Nam,
977 508 1112 557 prout
1138 508 1382 556 agrestum,
1414 503 1475 543 ita
1508 507 1549 544 et
1576 503 1836 557 principum
1863 507 2024 544 natura

380 576 641 617 communis
689 580 754 616 est
799 577 1025 627 omnium,
1072 581 1119 617 ut
1166 577 1291 617 hunc
1338 576 1559 616 uirtutum
1608 576 1807 616 stimulet
1852 576 2024 628 titulus,

380 649 509 689 illum
543 649 714 689 desidie
738 649 938 702 depigret
964 649 1203 702 cupiditas,
1238 648 1310 689 hic
1336 648 1648 701 generositatis
1672 648 1826 688 titulos
1854 652 2026 700 satagat

381 733 652 774 propagare,
712 721 787 761 ille
843 722 1038 773 gloriose
1095 721 1242 761 laudis
1295 720 1649 761 diminutionem
1708 720 2023 774 floccipendat.

382 792 517 832 Illum
564 792 698 844 igitur
745 778 907 846 (nunc)
954 796 1109 832 nostra
1155 794 1327 832 retexat
1373 791 1538 843 oratio,
1585 803 1721 844 quem
1768 791 2025 845 priscorum

382 864 618 905 annositas
649 864 741 917 iugi
774 864 975 917 primum
1009 863 1354 905 commendauit
1385 864 1617 904 memorie.

1115 1060 1237 1101 CAP.
1273 1060 1303 1100 I.

480 1132 664 1211 Skiold
699 1167 841 1207 Danis
878 1167 1017 1207 didici
1058 1152 1300 1220 <primum>
1340 1166 1582 1220 prefuisse;
1629 1170 1669 1206 et
1711 1170 1760 1207 ut
1791 1166 1887 1207 eius
1919 1167 2027 1207 allu-

384 1243 550 1282 damus
576 1240 818 1291 uocabulo,
844 1238 1024 1292 (iccirco)
1048 1238 1125 1279 tali
1150 1239 1334 1279 functus
1353 1242 1419 1279 est
1435 1239 1635 1291 nomine,
1662 1239 1768 1292 quia
1787 1239 2028 1279 uniuersos

386 1313 509 1366 regni
562 1312 783 1352 terminos
835 1311 954 1364 regie
1010 1311 1289 1352 defensionis
1335 1311 1590 1365 patrocinio
1637 1311 1810 1352 affatim
1858 1311 2030 1364 egregie

384 1386 607 1427 tuebatur.
670 1386 704 1424 A
744 1397 834 1438 quo
873 1384 1076 1437 primum
1116 1384 1265 1424 modis
1307 1383 1692 1424 Hislandensibus
1733 1384 2032 1436 Skioldunger

386 1461 491 1498 sunt
514 1468 640 1509 reges
669 1440 850 1509 (nostri)
881 1455 1147 1508 nuncupati.
1196 1455 1286 1505 Qui
1309 1454 1435 1507 regni
1467 1440 1619 1508 <duos>
1651 1458 1754 1508 post
1778 1468 1824 1495 se
1848 1454 2032 1509 reliquit

385 1530 587 1581 heredes,
621 1527 771 1568 Frotln·
792 1527 1006 1568 uidelicet
1036 1531 1171 1581 atque
1198 1527 1475 1567 Haldanum.
1523 1526 1744 1567 Successu
1769 1531 2028 1580 temporum

386 1601 602 1642 fratribus
628 1613 807 1654 semper
831 1600 956 1653 regni
981 1599 1232 1640 ambitione
1256 1599 1372 1640 inter
1397 1612 1442 1639 se
1467 1599 1818 1651 decertantibus,
1849 1600 2029 1640 Haldan

386 1674 520 1714 fratre
553 1687 636 1714 suo
668 1673 940 1725 interempto
972 1672 1095 1724 regni
1132 1672 1448 1712 monarchiam
1482 1671 1690 1712 obtinuit.
1752 1672 1837 1712 Hic
1869 1671 2031 1723 filium,

387 1747 556 1787 scilicet
597 1745 774 1797 Helghi,
820 1745 946 1797 regni
987 1744 1245 1798 procreauit
1288 1745 1516 1785 heredem.
1579 1744 1669 1794 Qui
1716 1744 1775 1784 ob
1815 1744 2029 1784 eximiam

387 1818 610 1859 uirtutum
650 1817 977 1866 strenuitatem,
1025 1829 1077 1856 eo
1117 1816 1238 1869 quod
1278 1815 1553 1868 archipirata
1586 1801 1735 1869 <erut>,
1782 1814 2028 1869 pyraticam

387 1891 577 1944 predam
606 1902 785 1943 semper
817 1888 1023 1929 exercuit.
1086 1887 1176 1938 Qui
1213 1900 1316 1928 cum
1352 1887 1675 1928 uniuersorum
1708 1887 2030 1928 circumiacen-

387 1963 501 2003 tium
545 1973 788 2014 regnorum
830 1961 945 2002 fines
993 1960 1248 2000 maritimos
1294 1960 1599 2013 depopulatus
1639 1961 1782 2000 classe
1828 1959 2030 2013 pyratica

388 2048 471 2076 suo
505 2034 792 2086 subiugasset
824 2033 1031 2087 imperio,
1075 2037 1167 2074 ‘rex
1198 2032 1349 2072 maris'
1390 2036 1455 2073 est
1487 2033 1850 2084 cognominatus.
1914 2031 2032 2072 Huic

388 2108 434 2148 in
480 2119 619 2160 regno
667 2106 885 2147 successit
922 2106 1046 2146 filius
1085 2103 1205 2159 (Rolf
1236 2103 1404 2158 Kraki),
1450 2105 1595 2158 patria
1638 2105 1801 2145 uirtute
1842 2104 2032 2158 pollens,

389 2180 568 2220 occisus
614 2179 661 2219 in
702 2180 853 2229 Letra3
901 2191 988 2232 que
1033 2182 1145 2218 tunc
1190 2177 1498 2218 famosissima
1544 2177 1661 2229 regis
1707 2177 1849 2218 extitit
1894 2176 2033 2229 curia,

390 2265 515 2293 nunc
560 2256 712 2292 autem
762 2250 1078 2291 Roschildensi
1124 2250 1277 2290 uicina
1332 2249 1503 2290 ciuitati
1556 2249 1672 2290 inter
1727 2249 2032 2290 abiectissima

390 2325 530 2365 ferme
578 2324 655 2364 uix
702 2324 865 2364 colitur
911 2323 1093 2376 oppida.
1180 2323 1287 2363 Post
1333 2335 1469 2376 quem
1516 2322 1723 2374 regnauit
1766 2321 1888 2362 filius
1928 2321 2032 2362 ‘eius

392 2397 555 2448 Rokill,
588 2399 892 2448 cognomento
925 2396 1073 2435 dictus
1107 2394 1401 2447 Slagenback.
1456 2394 1538 2435 Cui
1571 2394 1788 2435 successit
1818 2394 1865 2434 in
1895 2405 2033 2446 regno

390 2470 535 2521 heres,
568 2468 779 2520 agilitatis
809 2467 1073 2508 strenuitate
1098 2466 1462 2519 cognominatus,
1495 2479 1631 2519 quem
1657 2470 1813 2506 nostro
1844 2464 2037 2518 (uulyari

393 2540 543 2582 Frotlu·
573 2540 649 2581 hin
682 2540 860 2593 Frc'ikni)
891 2540 1206 2581 nominabant.

1107 2734 1230 2776 CAP.
1265 2735 1319 2775 ΙΙ.

489 2809 673 2887 Huius
716 2843 837 2883 filius
877 2846 918 2882 et
956 2842 1087 2882 heres
1127 2842 1252 2895 regni
1285 2841 1428 2882 extitit
1458 2841 1764 2889 Vermundus‚
1811 2839 1888 2894 qui
1920 2841 2034 2880 adeo

393 2916 631 2970 prudentie
678 2916 877 2969 pollebat
923 2914 1109 2966 uirtute,
1171 2918 1220 2954 ut
1272 2914 1378 2953 inde
1434 2926 1600 2953 nomen
1660 2916 2033 2965 consequeretur3

482 3016 514 3050 1.
550 3014 658 3049 fama
691 2989 856 3049 volans:
895 2988 1025 3057 Veryil
1056 3011 1146 3048 AEn.
1180 3010 1243 3055 XI,
1279 2986 1356 3046 1539
1385 3010 1436 3045 al.
1501 3010 1535 3045 4.
1572 3009 1758 3055 depigret
1789 3008 1931 3054 scripsi
1958 3018 2034 3053 pro

394 3071 593 3117 denigret,
629 3070 735 3116 quod
764 3080 912 3115 parum
946 3071 1046 3104 recte
1077 3068 1288 3114 respondet
1319 3066 1437 3102 verbo
1470 3066 1655 3102 stimulet
1684 3063 1866 3115 (repigro
1898 3064 2033 3100 eodem
