2150 3584
301 1155 341 1185 10

302 1528 342 1558 15

304 1915 347 1946 20

304 2279 345 2309 25

365 210 447 251 284
705 218 981 248 SCRIPTORES
1014 217 1242 246 HISTOR'IAE
1275 215 1451 245 DANICAE
1482 215 1681 244 MINORES

366 349 451 389 pus
476 335 511 375 F
515 333 723 375 rothonis
757 331 911 373 eiectis
942 331 1194 372 visceribus
1227 330 1412 371 salitum
1445 329 1491 370 in
1523 328 1661 381 regali
1692 328 1906 370 vehiculo
1938 342 2017 382 per

365 419 501 460 regna
534 402 763 471 (triennio)
792 404 1150 455 transferebant,
1190 403 1321 457 quasi
1364 402 1499 442 viuus
1531 404 1661 453 esset,
1706 405 1753 441 vt
1784 401 1849 442 sic
1878 412 2016 453 regna

366 494 391 521 a
425 480 662 520 Danorum
696 476 903 518 dominio
939 489 1030 517 non
1065 475 1313 525 resilirent,
1359 474 1560 523 tandem,
1601 486 1706 514 cum
1740 486 1906 526 corpus
1939 486 2017 526 pu-

365 557 559 593 trescere
590 550 721 604 cepit,
762 550 885 590 iuxta
920 549 1123 600 Weram,
1167 547 1407 600 Syalendie
1440 550 1642 599 pontem,
1674 559 1780 587 cum
1815 544 2017 586 maximo

368 626 543 665 honore
576 622 864 676 sepelierunt.
1337 628 1341 632 ·

862 817 941 857 EX
975 817 1085 857 LIB.
1121 816 1194 856 VI.
1258 814 1524 856 SAXONIS.

454 928 484 967 I.
560 891 817 968 Defuncto
851 924 1083 964 Frothone
1118 921 1256 974 Dani,
1300 922 1535 963 credentes
1574 922 1720 962 filium
1765 921 1862 962 eius
1895 920 2021 961 Frid-

367 1001 544 1051 leuum,
594 997 673 1053 qui
721 997 844 1050 apud
893 995 1108 1036 Rusciam
1159 994 1464 1045 educabatur,
1512 998 1768 1046 mortuum,
1815 992 2020 1034 determi-

367 1075 594 1113 nauerunt
626 1071 752 1111 hunc
782 1069 828 1109 in
861 1079 1001 1120 regno
1029 1079 1369 1117 successurum,
1402 1066 1481 1120 qui
1510 1066 1757 1107 Frothonis
1788 1066 2019 1107 tumulum

369 1143 621 1199 pulchriori
653 1141 887 1196 epitaphio
920 1141 1167 1180 decoraret.
1244 1139 1376 1179 Tunc
1408 1139 1598 1192 quidam
1633 1139 1843 1180 Hiarno
1875 1137 2020 1192 patria

369 1217 523 1270 lingua
556 1216 645 1257 tale
677 1227 863 1256 carmen
896 1212 1055 1254 edidit:

617 1312 877 1350 Frothonem
910 1311 1030 1356 Dani,
1062 1321 1187 1357 quem
1221 1310 1347 1356 longo
1380 1310 1524 1346 viuere
1556 1309 1721 1354 vellent,

674 1382 753 1417 Per
783 1391 859 1416 sua
892 1379 1138 1416 defunctum
1172 1389 1271 1414 rura
1304 1378 1437 1414 tulere
1469 1378 1553 1414 diu.

618 1449 826 1496 Principis
858 1449 928 1485 hic
959 1449 1113 1485 summi
1146 1447 1401 1484 tumulatum
1434 1448 1591 1494 cespite
1623 1458 1779 1494 corpus

673 1519 827 1555 Ethere
860 1517 938 1554 sub
971 1517 1134 1563 liquido
1168 1517 1280 1552 nuda
1313 1516 1504 1553 recondit
1536 1516 1704 1552 humus.

371 1615 474 1665 Quo
506 1612 710 1655 carmine
753 1610 938 1652 condito
972 1610 1091 1651 Dani
1125 1623 1230 1651 eum
1261 1621 1413 1662 regem
1447 1622 1583 1650 suum
1615 1609 1833 1662 fecerunt,
1879 1609 2023 1650 modi-

370 1699 568 1740 cumque
615 1685 788 1725 factum
828 1683 1064 1724 excessiuo
1113 1683 1289 1736 premio
1330 1682 1609 1724 remunerati
1652 1686 1770 1723 sunt.
1847 1682 2019 1723 Eodem

370 1763 574 1812 tempore
608 1757 784 1807 Ericus,
815 1769 894 1797 rex
927 1755 1110 1808 Swecie,
1150 1760 1360 1796 mortuus
1393 1759 1478 1806 est3
1520 1754 1593 1795 cui
1628 1754 1869 1795 Haldanus
1900 1753 2023 1794 filius

371 1831 620 1872 succedens
667 1830 714 1870 in
762 1833 941 1869 tanturn
980 1842 1059 1882 per
1103 1841 1189 1869 ,xl1.
1232 1828 1391 1868 fratres
1432 1827 1479 1868 in
1521 1827 1761 1880 Norwegia
1802 1826 2023 1868 oriundos

373 1904 662 1956 fatigabatur,
694 1906 740 1943 vt
772 1902 830 1942 ad
864 1901 1129 1942 Fridleuum
1162 1901 1209 1941 in
1243 1900 1409 1941 Ruscia
1442 1904 1705 1940 manentem
1738 1912 1820 1953 pro
1852 1897 2023 1939 auxilio

372 1976 567 2031 petendo
600 1974 884 2027 confugeret,
932 1974 1004 2015 cui
1044 1978 1086 2015 et
1126 1973 1266 2028 patris
1299 1972 1370 2014 sui
1403 1973 1438 2014 F
1442 1972 1650 2013 rothonis
1682 1976 1877 2013 mortem
1910 1984 2024 2011 nun-

371 2048 522 2090 ciauit.
601 2047 742 2104 Igitur
790 2046 1096 2091 Fridleuus
1143 2059 1301 2087 secum
1347 2045 1489 2087 armis
1529 2045 1779 2088 instructus
1824 2043 1871 2084 in
1914 2043 2024 2085 Nor-

372 2121 562 2174 wegiam
610 2120 745 2161 venit.
824 2119 1019 2163 Predicti
1074 2124 1227 2160 autem
1279 2131 1364 2159 ,xir
1414 2118 1574 2159 fratres
1630 2116 1918 2171 probissimi,
1983 2120 2025 2158 vt

373 2198 602 2248 gygantes,
630 2192 787 2234 omnia
806 2192 1169 2246 circumquaque
1186 2192 1545 2232 deuastauerunt
1562 2190 1752 2231 cedibus
1770 2194 1813 2230 et
1829 2189 2001 2243 rapinis
2016 2204 2024 2239 3

373 2266 667 2319 feceruntque
700 2264 785 2306 sibi
819 2264 1134 2305 municionem
1168 2264 1215 2304 in
1242 2263 1444 2318 quadam
1472 2263 1637 2312 insula,
1670 2275 1758 2316 que
1782 2262 2024 2314 distingue-

464 2393 496 2427 1.
528 2391 677 2437 egestis
709 2390 806 2426 vise.
832 2390 951 2426 Saxo.
1014 2390 1050 2426 2.
1086 2389 1267 2426 triennio
1300 2399 1349 2425 ex
1372 2388 1534 2425 Saxone
1559 2387 1709 2423 addidi.
1781 2390 1822 2423 vt
1845 2386 1925 2423 sibi
1949 2386 2025 2423 AS.

377 2451 410 2486 4,
444 2459 611 2485 waeram
631 2448 708 2491 AS,
739 2447 808 2483 sed
834 2445 883 2483 S3
914 2447 1091 2483 mutauit
1121 2447 1161 2483 in
1188 2446 1374 2483 laedram.
1447 2445 1621 2482 selendie
1638 2445 1682 2483 A.
1745 2444 1780 2482 6.
1813 2443 2025 2490 Inscriptio

377 2507 416 2542 in
451 2507 506 2542 D:
554 2505 677 2541 lliber
709 2506 744 2541 6.
780 2505 950 2541 saxonis.
990 2504 1129 2541 hiarni
1172 2505 1271 2549 2593
1316 2504 1357 2539 in
1396 2503 1447 2539 A:
1497 2503 1555 2538 De
1594 2502 1701 2548 Rege
1741 2501 1946 2543 ffridleuo‚
1992 2503 2028 2536 et

377 2564 417 2599 in
450 2573 601 2608 mara:
649 2563 801 2607 xxul(!)
836 2562 1004 2598 Hierne.
1098 2562 1131 2598 7.
1165 2560 1395 2606 fridlewus,
1441 2559 1706 2604 frit(h)leuus‚
1754 2558 2026 2604 frit(h)lewus,

376 2620 613 2656 fridhleuus
656 2619 748 2656 aliis
795 2619 891 2655 Iocis
940 2620 980 2655 1'11
1029 2619 1141 2655 codd.
1248 2619 1282 2654 8.
1331 2617 1492 2654 ruciam
1539 2616 1624 2661 AS,
1684 2619 1719 2652 el
1764 2616 1821 2652 sic
1864 2615 2022 2661 soepius.

381 2679 440 2714 10.
481 2677 683 2724 pulcriori
717 2676 794 2721 AS,
840 2679 875 2712 et
913 2676 969 2712 sic
1008 2686 1114 2723 saepe
1153 2676 1193 2712 in
1235 2675 1347 2711 codd.
1386 2674 1472 2710 sine
1512 2674 1551 2710 h.
1641 2673 1901 2721 epythaphio
1943 2672 2024 2717 AS3

377 2734 589 2781 epythafio
615 2734 659 2770 V.
735 2734 899 2780 hyarno
932 2735 977 2770 A.
1044 2734 1105 2769 11.
1134 2735 1227 2780 post
1257 2732 1387 2769 edidit
1419 2732 1461 2768 in
1484 2733 1517 2768 A
1550 2731 1730 2767 additur:
1762 2730 1870 2766 sicut
1902 2730 2025 2765 habe-

377 2796 446 2827 tur
476 2791 517 2827 in
551 2792 632 2827 hiis
664 2791 869 2827 versibus.
961 2791 1022 2827 12.
1056 2790 1264 2826 frotonem
1300 2790 1345 2826 D.
1437 2789 1608 2835 longum
1639 2788 1758 2825 Saxo.
1851 2788 1911 2823 14.
1944 2787 2026 2822 hoc

376 2848 495 2885 Saxo.
567 2848 741 2894 cuspide
761 2848 878 2884 DVA.
949 2847 1010 2883 16.
1034 2848 1146 2883 edito
1170 2847 1290 2883 Saxo.
1360 2846 1465 2882 Dani
1491 2856 1570 2881 om.
1596 2846 1641 2882 D.
1711 2853 1847 2891 regem
1876 2855 1905 2880 s.
1929 2854 2023 2880 eum

378 2905 401 2942 f.
436 2906 512 2941 AS.
587 2905 647 2941 17.
681 2906 936 2941 renumerati
971 2905 1010 2941 S.
1079 2905 1241 2941 17-19.
1275 2904 1385 2940 filius
1418 2914 1520 2939 suus
1552 2913 1662 2939 succ.
1694 2902 1770 2939 AS.
1836 2902 1897 2938 19.
1932 2903 2026 2947 post

378 2962 598 2998 duodecim
632 2963 676 2997 A.
747 2963 810 2997 21.
844 2962 1003 3008 fugeret
1035 2962 1110 2998 AS.
1180 2962 1244 2998 22.
1278 2962 1318 2997 in
1354 2971 1482 3007 marg).
1517 2960 1565 2996 A:
1597 2969 1756 2995 xxxnn.
1791 2958 1913 2995 frilde
1944 2957 2023 2993 den

379 3020 499 3055 raske
531 3019 671 3055 frodes
706 3021 783 3055 fon.
859 3030 1000 3055 secum
1033 3029 1112 3055 om.
1145 3019 1184 3055 S.
1254 3019 1317 3054 24.
1350 3017 1627 3054 deuastabant
1658 3016 1698 3052 S.
1762 3017 1826 3053 25.
1859 3015 2026 3061 disting-

379 3076 569 3112 webatur
602 3076 714 3121 DAS,
748 3079 789 3111 ul
820 3075 978 3122 soepius.
