2150 3584
379 220 553 250 ιΝαΕιιΤι
590 221 806 248 ,murronis
839 220 1122 248 <iwannum
1160 221 1308 248 REGUM
1345 222 1478 248 mxu:
1667 213 1735 250 191

104 335 455 388 predicatorum,
488 333 754 387 sepelientes
787 334 896 373 illud
922 334 1108 385 ibidem,
1141 334 1310 374 eisdem
1340 335 1554 375 fratribus
1580 337 1743 377 deuote

103 407 487 448 coadiuuantibus
506 407 619 447 etad
650 407 984 459 possessionem
1005 406 1116 446 tanti
1135 407 1328 459 talisque
1351 408 1549 448 thesauri
1576 409 1742 460 gaudio

103 480 409 520 exultantibus
459 492 547 519 non
598 478 790 519 modico.
863 477 995 528 Quod
1044 478 1209 518 ibidem
1259 479 1493 532 aliquanto
1542 485 1743 533 tempore

102 551 325 605 requieuit
357 552 614 597 humatum,
647 552 793 591 donec
827 564 904 603 per
936 551 1202 603 episcopum
1235 551 1437 592 eiusdem
1466 553 1662 592 ciuitatis
1687 554 1740 592 ad

104 623 322 664 maiorem
364 624 602 664 ecclesiam
637 623 752 663 beati
790 622 905 663 Petri
939 623 1134 675 apostoli
1168 623 1419 663 honorifice
1455 625 1741 668 transfertur:
1770 634 1783 661 5

103 696 369 736 translatum
415 696 641 747 condigno
682 696 856 735 honore
900 695 1062 735 colitur
1095 700 1136 735 et
1167 695 1350 746 iugibus
1383 697 1615 736 miraculis
1650 697 1743 736 illu-

101 771 278 808 stratur.

189 840 319 880 Nunc
360 840 468 881 libet
509 840 817 881 misericordis
860 840 928 880 dei
964 838 1339 890 benignissimam
1375 853 1509 893 super
1541 841 1743 894 predicto

101 925 235 965 opere
276 913 486 965 pietatem
533 912 764 963 admirari,
811 911 1084 952 admirando
1131 911 1398 963 glorificare,
1445 912 1742 964 glorificando

100 985 300 1035 laudare,
347 985 579 1025 laudando
623 984 929 1036 magnificare.
993 983 1097 1035 Qui,
1144 996 1279 1024 verax
1321 984 1364 1023 in
1401 985 1650 1037 promissis,
1698 986 1741 1025 iu

103 1058 188 1097 hoc
234 1068 335 1109 rege
381 1061 423 1097 et
470 1061 679 1110 martyre,
727 1057 849 1110 quod
890 1057 1123 1110 quondam
1167 1068 1245 1108 per
1292 1057 1558 1109 prophetam
1607 1070 1740 1098 suum

100 1129 399 1170 amicabiliter
439 1134 479 1169 et
522 1129 712 1170 dulciter
745 1132 1019 1182 protestatus
1051 1133 1116 1168 est
1147 1128 1322 1169 dicens:
1369 1129 1432 1168 ‘ln
1468 1141 1742 1183 quacunque

101 1203 211 1242 hora
259 1201 530 1253 ingemuerit
578 1205 799 1254 peccator,
848 1201 1004 1241 saluus
1051 1200 1159 1251 erit',
1206 1201 1397 1241 fideliter
1443 1206 1483 1241 et
1527 1201 1744 1242 veraciter

99 1273 380 1327 adimpleuit.
444 1274 649 1314 Dicendo
682 1273 802 1314 enim
845 1278 1134 1326 *quacunque
1168 1274 1292 1313 hora‘
1326 1273 1514 1313 exclusit
1546 1277 1742 1314 extreme

100 1346 379 1393 necessitatis
410 1346 709 1391 dubietatem;
754 1350 795 1385 et
835 1345 989 1385 vltime
1022 1344 1298 1386 confessioni
1332 1350 1372 1386 et
1406 1346 1649 1399 penitentie
1681 1346 1742 1386 di·
1793 1356 1808 1384 s

98 1419 243 1459 cendo
281 1419 452 1459 ‘saluus
484 1418 576 1459 erit’
619 1431 745 1471 spem
780 1418 1061 1458 condonauit
1094 1418 1235 1458 venie.
1299 1417 1602 1459 Confirmauit
1634 1431 1742 1471 quo-

98 1504 185 1544 que
225 1490 437 1531 eximiam
472 1490 591 1531 beati
623 1490 863 1543 Augustini
904 1490 1173 1530 sententiam
1215 1491 1426 1531 dicentis:
1473 1490 1740 1531 ‘Penitentia

99 1575 335 1616 nunquam
371 1567 435 1603 est
468 1575 580 1615 sera,
626 1563 661 1603 si
694 1562 827 1603 fuerit
859 1567 987 1602 vera'.
1052 1563 1185 1613 Quod
1219 1562 1264 1603 in
1299 1564 1388 1603 hoc
1421 1574 1521 1615 rege
1553 1567 1593 1603 et
1627 1576 1741 1603 mar-

98 1639 206 1689 tyre,
252 1635 310 1675 ab
341 1635 496 1688 impiis
527 1635 793 1676 innocenter
824 1639 865 1675 et
897 1635 1138 1676 crudeliter
1170 1635 1335 1687 occiso,
1383 1635 1600 1676 veraciter
1631 1649 1741 1689 quo-

99 1707 204 1748 tidie
235 1708 587 1748 demonstratur.
653 1708 773 1748 Licet
820 1708 941 1748 enim
986 1708 1032 1747 in
1080 1711 1194 1747 etate
1232 1707 1419 1748 iuuenili
1465 1707 1738 1748 constitutus

98 1793 243 1820 vanus
280 1779 412 1820 fuerit
459 1784 499 1819 et
546 1780 749 1820 lubricus
795 1784 837 1820 et
883 1780 1049 1831 seculo,
1097 1784 1318 1833 tanquam
1365 1780 1599 1831 delicatus,
1647 1793 1737 1820 non

98 1852 276 1893 modice
314 1852 507 1898 deditus,
557 1856 739 1905 peccata
778 1856 931 1893 tamen
973 1865 1052 1892 sua
1096 1851 1265 1892 abolita
1304 1856 1488 1905 propter
1521 1852 1739 1905 probrose

98 1924 257 1965 mortis
280 1924 634 1965 amaritudinem
660 1929 701 1965 et
726 1937 879 1965 veram
905 1924 1069 1976 cordis,
1093 1924 1149 1964 de
1175 1937 1265 1977 qua
1291 1924 1501 1976 superius
1525 1924 1738 1975 diximus,

97 1996 414 2038 contritionem
448 1997 605 2037 crebra
637 2001 859 2038 testantur
893 1997 1127 2047 miracula,
1172 2009 1259 2049 que
1299 1996 1415 2036 fiunt
1446 1997 1502 2036 ad
1536 1997 1738 2036 tumulos

97 2069 253 2123 ipsius,
300 2069 375 2109 vbi
408 2068 615 2110 videlicet
647 2069 795 2121 primo
829 2069 1033 2122 sepultus
1065 2073 1143 2121 est,
1190 2072 1231 2108 et
1264 2070 1308 2107 in
1344 2069 1457 2115 loco,
1504 2069 1561 2107 ad
1600 2081 1735 2122 quem

98 2147 198 2195 post
243 2141 428 2195 aliquod
467 2145 648 2194 tempus
687 2141 935 2181 translatus
975 2145 1053 2192 est,
1100 2141 1145 2180 in
1193 2141 1292 2181 loco
1340 2141 1489 2191 etiam,
1539 2141 1610 2179 vbi
1652 2141 1736 2181 deo

97 2216 295 2255 donante
326 2226 450 2253 nunc
480 2213 733 2267 requiescit.
784 2213 900 2253 Nam
933 2217 1178 2266 supersunt
1212 2212 1341 2252 multi
1372 2216 1506 2253 testes
1538 2213 1736 2261 veridici,

97 2286 174 2338 qui
220 2285 276 2325 ad
324 2285 569 2337 gloriosam
617 2285 821 2326 eiusdem
869 2284 1072 2337 corporis
1119 2285 1296 2336 glebam
1349 2285 1562 2325 viderunt
1606 2297 1737 2325 cecos

187 2384 247 2420 12.
289 2384 335 2419 In
375 2393 628 2429 quacunque
659 2383 742 2418 &02
790 2383 925 2418 eodem
966 2382 1048 2428 fere
1095 2382 1214 2417 modo
1260 2382 1456 2417 sententia
1502 2382 1650 2418 citatur
1694 2383 1732 2418 1'11

107 2440 347 2487 »Exemplis
405 2451 428 2475 a
466 2440 547 2476 Jos.
587 2439 766 2486 Klapper
803 2439 1056 2485 [Heidelberg]
1091 2439 1213 2478 1911)
1255 2439 1379 2480 editis,
1426 2451 1463 2485 ρ.
1498 2439 1624 2484 46,8.·
1669 2440 1737 2475 sed

97 2498 293 2533 eiusmodi
332 2498 440 2532 Iocus
483 2497 524 2532 in
557 2497 767 2542 scripturis
807 2497 932 2532 sacris
972 2507 1053 2532 non
1096 2496 1263 2542 reperiri
1301 2496 1466 2535 videtur.
1515 2500 1616 2532 certe
1653 2507 1732 2532 non

97 2555 207 2601 apud
243 2554 406 2595 Isaiam,
454 2554 508 2590 ad
545 2564 662 2599 quem
703 2553 788 2590 haec
827 2552 944 2589 verba
991 2552 1141 2589 alicubi
1185 2553 1269 2588 vidi
1315 2552 1479 2598 refe1·1·i‚·
1527 2554 1738 2599 respicitur

95 2610 185 2656 fort.
218 2611 355 2647 Ezech.
389 2610 450 2655 33,
472 2610 542 2647 12.·
588 2611 780 2657 impietas
818 2610 936 2657 impii
979 2621 1060 2646 non
1102 2610 1268 2646 nocebit
1300 2611 1347 2653 ei,
1393 2610 1434 2645 in
1468 2621 1735 2657 quacumque

97 2668 162 2704 die
193 2679 426 2704 conuersus
457 2668 582 2704 fuerit
613 2667 665 2703 ab
698 2668 909 2714 impietate
941 2678 1025 2703 sua.
1093 2668 1254 2703 14-15.
1286 2667 1462 2703 exclusit
1490 2678 1521 2703 e.
1551 2679 1586 2703 n.
1619 2667 1736 2703 dubi-

97 2729 258 2768 etatem,
305 2725 326 2760 i.
365 2736 394 2760 e.
439 2735 528 2761 eam
567 2724 859 2760 dubitationem
900 2724 1083 2770 reppulit,
1131 2735 1211 2770 qua
1249 2723 1434 2759 homines
1477 2724 1516 2759 in
1557 2726 1733 2760 extrema

96 2782 259 2818 demum
303 2782 531 2817 necessitate
587 2782 687 2825 (siue
732 2782 873 2817 mortis
919 2781 1104 2826 articulo)
1157 2781 1434 2826 paenitentiam
1483 2784 1643 2827 ayentes
1689 2782 1735 2816 de

97 2839 232 2885 effectu
275 2841 355 2874 tam
399 2849 496 2874 serae
524 2839 767 2884 paenitentioe
800 2839 938 2874 vexari
969 2839 1114 2873 solent.
1193 2839 1253 2873 15.
1286 2837 1540 2873 confessioni
1573 2839 1732 2883 sci-ipsi:

98 2895 372 2932 confessionis
396 2895 435 2931 S.
498 2896 661 2932 17-18.
696 2895 831 2942 Ipsum
862 2895 1078 2940 Auyustini
1109 2896 1240 2930 locum
1274 2895 1456 2930 inuenire
1488 2905 1568 2930 non
1597 2895 1733 2940 potui,-

98 2953 164 2988 sed
202 2953 347 2988 similis
385 2952 578 2988 sententia
618 2952 659 2987 in
699 2952 800 2988 libro
840 2952 889 2988 de
929 2951 1009 2987 fide
1049 2953 1098 2986 ad
1133 2952 1299 2987 Petrum
1332 2962 1420 2997 cap.
1458 2952 1506 2987 39
1540 2952 1731 2988 occurrit:

98 3010 207 3055 apud
257 3009 451 3045 Ioannem
507 3008 838 3045 Sarisberiensem
894 3009 934 3044 in
991 3008 1172 3044 Policrat.
1226 3008 1295 3044 VII
1335 3019 1421 3054 cap.
1474 3008 1518 3043 ‘21
1574 3009 1732 3043 inueni:

100 3065 324 3102 penitentia
362 3077 575 3111 nunquam
610 3077 699 3101 sera
734 3070 805 3104 est,
838 3067 869 3100 si
904 3069 1038 3100 tamen
1075 3076 1180 3101 vera.

1773 997 1811 1025 11)

1766 1718 1807 1747 20
