2150 3584
574 223 866 251 COMPENDIVM
901 224 1096 253 SAXONJS.
1149 226 1230 254 un.
1264 227 1338 253 xm
1694 217 1776 256 393

221 337 274 377 11.
349 336 524 377 Accidit
569 340 738 388 autem,
785 340 829 377 vt
878 337 1106 390 Hiuricus,
1155 339 1276 379 lilius
1323 340 1587 382 Guthskalci
1637 341 1773 388 Slaui,

133 402 310 462 genitus
342 421 396 449 ex
421 408 601 460 Siritha‚
635 421 789 449 sorore
822 409 1046 461 Nicholai‚
1079 410 1244 451 iniuste
1279 425 1356 465 per
1387 414 1583 454 eundem
1612 414 1773 455 Nicho-

133 482 257 522 laum
290 480 424 522 bonis
455 480 673 521 maternis
707 481 984 534 priuaretur3
1027 483 1085 523 ob
1118 496 1256 536 quam
1291 497 1476 525 causam
1512 486 1649 527 Dacie
1682 491 1771 527 tam

131 553 323 595 infestus
353 553 451 606 fuit,
486 556 533 593 vt
562 556 704 593 totam
738 557 905 594 terram
939 555 1054 595 inter
1085 555 1265 596 Albiam
1299 561 1340 596 et
1373 558 1560 598 Sleswik
1596 559 1774 611 penitus

131 627 401 678 deuastaret,
433 638 518 666 nec
544 625 640 679 ipse
665 638 742 666 rex
768 625 1018 667 Nicholaus
1050 627 1167 668 intra
1197 628 1396 670 Sleswici
1424 630 1536 670 sines
1562 630 1657 670 sine
1691 631 1775 671 sor-

130 697 318 738 tissimis
337 697 540 738 excubiis
554 710 790 738 remanere
805 699 1004 740 auderet.
1036 700 1107 741 Ob
1124 713 1263 753 quam
1281 714 1468 742 eausam
1488 715 1563 742 rex
1582 704 1772 744 classem

130 773 287 810 contra
306 769 508 811 Slauiam
537 770 782 822 ordinauit,
815 772 1042 812 mandans
1069 772 1228 826 E1auo,
1261 774 1458 826 prefecto
1478 774 1774 828 sleswicensi,

128 846 174 884 vt
205 854 310 883 cum
338 842 537 883 terrestri
560 843 758 883 exercitu
792 843 878 883 sibi
909 843 956 883 in
989 857 1232 885 occursum
1263 845 1456 895 veniret;
1490 849 1566 887 sed
1588 848 1773 901 Elatum,

129 914 321 968 pecunia
348 918 590 968 corruptus
616 927 695 968 per
715 915 970 969 Hinricum,
996 918 1266 957 mandatum
1293 918 1408 970 regis
1434 932 1526 960 non
1551 919 1772 972 impleuit.

130 988 222 1028 Rex
260 987 394 1040 igitur
432 987 478 1027 in
512 987 715 1028 Slauiam
756 988 944 1029 veniens
985 990 1194 1042 exposuit
1225 991 1470 1031 exereitum
1505 992 1549 1031 in
1583 1005 1769 1045 ca1np03

128 1045 246 1114 (vbi)
291 1060 496 1101 videntes
544 1060 689 1113 Slaui,
750 1061 906 1101 Dauos
953 1061 1050 1102 sine
1096 1063 1225 1117 equis
1271 1076 1388 1117 esse,
1443 1064 1773 1105 ordinauerunt

129 1133 316 1186 equites,
347 1132 426 1187 qui
458 1145 564 1173 cum
597 1133 770 1187 impetu
803 1133 1029 1175 veniendo
1063 1139 1104 1175 et
1136 1136 1389 1177 recedendo
1418 1137 1573 1177 Dauos
1601 1138 1773 1189 sagittis

128 1205 343 1246 continue
374 1205 625 1258 fatigarent.
689 1206 824 1257 Quod
857 1210 900 1247 et
930 1206 1102 1248 factum
1136 1212 1221 1259 est3
1254 1221 1362 1249 nam
1396 1209 1513 1249 Dani
1547 1210 1660 1251 adeo
1694 1223 1772 1263 per

127 1278 252 1318 hunc
305 1279 497 1319 modum
550 1279 840 1331 ledebantur,
902 1283 948 1319 vt
993 1279 1184 1320 libenter
1230 1281 1470 1333 fugissent,
1532 1282 1566 1322 si
1616 1283 1771 1323 euasio

127 1349 410 1402 occurrisset.
474 1350 542 1391 Ibi
576 1351 805 1391 Haraldus
848 1355 889 1392 et
922 1352 1145 1404 Kanutus,
1192 1353 1270 1406 filij
1308 1353 1429 1394 Erici
1463 1354 1609 1406 Egoth
1642 1355 1771 1407 regis,

125 1422 396 1475 grauissime
428 1423 653 1464 vulnerati
686 1424 881 1465 fuerunt.
930 1424 1137 1465 Tandem
1170 1438 1276 1466 curn
1311 1437 1475 1478 magna
1504 1427 1771 1468 difficultate

126 1496 357 1549 quendam
390 1495 696 1537 monticulum
728 1497 973 1537 ascendere
1005 1501 1265 1551 potuerunt,
1312 1498 1356 1538 in
1398 1512 1490 1552 quo
1530 1513 1671 1554 vsque
1713 1502 1768 1541 ad

125 1571 391 1622 sequentem
436 1568 557 1609 diem
598 1582 644 1609 se
686 1573 942 1611 tenuerunt.
1006 1570 1333 1611 Deficientibus
1379 1575 1533 1612 autem
1581 1572 1682 1613 cibo
1730 1578 1771 1614 et

126 1643 236 1693 potu
289 1644 331 1681 et
383 1640 511 1682 omni
557 1641 728 1682 auxilio
775 1642 982 1683 humano
1028 1640 1151 1694 (nam
1200 1643 1373 1683 Elauus
1420 1656 1523 1683 cum
1571 1646 1769 1686 terrestri

125 1713 344 1765 exercitu,
391 1717 436 1754 vt
483 1718 795 1767 sperauerant,
855 1728 949 1755 non
996 1714 1153 1767 venit),
1199 1715 1510 1768 implorabant
1555 1717 1767 1758 diuinum

123 1785 425 1837 adiutorium,
485 1790 727 1838 vouentes,
788 1788 912 1841 quod
966 1788 1165 1841 populus
1211 1787 1335 1840 regni
1383 1788 1521 1829 Daeie
1568 1790 1767 1841 vigiliam

124 1857 269 1898 saneti
316 1859 578 1911 Laurencij,
640 1873 728 1913 que
781 1863 891 1900 tunc
944 1860 1232 1912 imminebat,
1298 1860 1495 1913 vigiliam
1545 1862 1767 1904 Omnium

125 1930 398 1972 Sanctorum
454 1935 496 1971 et
540 1931 660 1972 diem
711 1933 988 1973 Parasceues
1036 1936 1133 1973 arto
1180 1932 1351 1973 ieiunio
1398 1933 1531 1974 annis
1579 1935 1768 1987 singulis

123 2003 364 2056 ieiunaret,
425 2004 683 2045 dummodo
745 2018 822 2045 eos
876 2005 988 2045 deus
1044 2005 1206 2045 exinde
1260 2005 1431 2059 eripere
1492 2007 1765 2059 dignaretur.

125 2076 338 2130 Sequenti
377 2076 449 2117 die
488 2080 823 2130 attemptantes,
869 2077 906 2117 si
947 2081 1132 2130 possent
1171 2079 1227 2118 ad
1269 2091 1411 2118 naues
1454 2079 1613 2131 redire,
1661 2093 1764 2121 cum

123 2147 251 2199 graui
290 2148 493 2201 periculo
532 2153 574 2190 et
605 2149 787 2190 amissis
819 2150 975 2190 multis
1009 2149 1143 2190 sociis
1175 2150 1250 2190 vix
1283 2152 1475 2192 euadere
1507 2156 1764 2204 potuerunt.

124 2220 265 2261 Porro
305 2234 383 2262 rex
423 2235 635 2262 reuersus
678 2222 876 2262 Elauum
920 2235 1014 2262 non
1061 2222 1211 2262 solum
1254 2223 1504 2275 prefecture
1550 2224 1766 2275 dignitate

123 2292 199 2332 sed
233 2292 379 2333 eciam
411 2293 629 2334 omnibus
661 2294 794 2335 bonis
826 2294 1039 2348 priuauit,
1086 2294 1387 2348 redactusque
1427 2300 1492 2336 est
1530 2297 1587 2336 ad
1628 2302 1766 2338 extre-

212 2433 244 2468 1.
281 2433 548 2479 gotskalci83
578 2434 775 2480 gotscalci
793 2436 837 2471 Α.
899 2435 933 2471 2.
970 2435 1106 2470 tirithe
1132 2435 1177 2477 S;
1208 2435 1369 2480 geritha
1387 2436 1432 2472 V.
1497 2436 1530 2472 3.
1564 2439 1764 2474 maternis

121 2488 244 2525 bonis
290 2490 367 2527 AS.
474 2492 509 2527 4.
560 2491 744 2528 sleswich
793 2493 846 2538 D3
909 2492 1093 2538 sleswigh
1142 2491 1180 2528 S.
1289 2492 1323 2527 5.
1372 2492 1641 2530 sleswicenl'es
1687 2495 1764 2531 As.

123 2546 157 2582 6.
198 2558 368 2583 manere
400 2548 438 2584 S.
531 2550 564 2585 7.
605 2549 808 2585 mandens
840 2549 885 2585 V.
974 2548 1106 2585 Elauo
1139 2549 1172 2584 V
1204 2559 1377 2594 semper3
1423 2549 1621 2598 Olau(w)o
1662 2552 1763 2588 DAs

121 2613 280 2650 semper
307 2602 447 2653 (Eliuo
472 2606 533 2641 vel
557 2606 679 2642 Elino
701 2604 835 2654 Saxo).
911 2606 1044 2642 Olauo
1071 2606 1274 2642 mandans
1301 2606 1341 2642 S.
1420 2607 1620 2644 sleswicefi
1642 2609 1762 2653 DAS3

124 2660 302 2697 l'let'wicm
347 2662 392 2706 V,
447 2663 553 2699 unde
605 2662 820 2709 Lanqebelc
873 2663 1207 2699 Sleswicensium
1260 2661 1368 2711 (item
1422 2663 1531 2709 infra
1588 2664 1677 2711 394,
1713 2665 1761 2713 4).

123 2718 232 2754 8—9.
264 2718 424 2755 olawus
456 2731 494 2766 p.
529 2723 732 2767 coruptus
765 2720 803 2756 S.
891 2721 952 2756 11.
985 2720 1053 2756 vbi
1084 2720 1234 2756 addidi.
1318 2721 1378 2756 13.
1411 2720 1630 2767 fatigarent
1661 2734 1762 2759 corr.

121 2784 170 2810 ea:
214 2774 406 2821 fugarent
452 2775 516 2813 Dl.
616 2778 676 2813 14.
724 2777 972 2813 ledebantur
1017 2787 1094 2813 om.
1142 2776 1180 2812 S.
1280 2778 1341 2814 18.
1389 2778 1670 2815 dificientibus
1717 2781 1761 2818 V.

126 2832 288 2868 19-20.
320 2834 504 2870 exercitu
536 2835 724 2870 terrestri
756 2835 800 2870 Α.
861 2835 924 2870 20.
957 2837 1237 2880 sperauerunt
1267 2835 1343 2870 As.
1419 2835 1608 2871 diuinum
1641 2837 1761 2882 DVS;

121 2887 186 2924 dffi
215 2887 279 2938 (=
302 2889 477 2939 domini)
506 2892 550 2928 Α.
612 2892 676 2927 21.
709 2890 846 2936 vigilia
880 2891 924 2927 D.
986 2891 1050 2926 22.
1082 2891 1154 2937 qui
1186 2894 1286 2927 tunc
1310 2892 1355 2927 V.
1425 2892 1624 2929 iminebat
1658 2892 1760 2939 DS³3

121 2946 330 2983 eminebat
346 2947 441 2984 ASl.
504 2949 567 2985 24.
593 2948 696 2984 deus
720 2959 792 2984 eos
810 2947 851 2991 S,
874 2948 942 2984 sed
966 2958 1037 2983 eos
1064 2958 1091 2983 S.
1119 2958 1150 2983 ι).
1176 2948 1268 2985 add.
1289 2947 1347 2985 82.
1409 2950 1471 2985 25.
1498 2954 1697 2997 sequente
1715 2952 1759 2989 V.

123 3003 184 3040 27.
217 3003 354 3042 elaum
386 3005 432 3043 V.
494 3006 558 3043 28.
589 3005 785 3054 priuabat
817 3005 856 3042 S.
930 3005 972 3041 in
1005 3008 1104 3041 extr.
1137 3005 1176 3041 S.

1803 1003 1841 1033 10

1800 1364 1839 1394 15

1796 1727 1837 1758 20

1793 2091 1834 2121 25
