2150 3584
367 1062 408 1093 10

365 1423 405 1454 15

362 1785 405 1816 20

440 228 522 268 308
729 262 732 265 .
780 237 1054 267 SCRIPTORES
1088 237 1314 266 fflsromAE
1345 236 1522 265 DANICAE
1554 236 1754 266 MINORES

441 353 684 393 Hanonem
711 351 758 392 in
778 352 812 391 F
817 351 963 402 eonia,
996 351 1213 392 Roricum
1244 354 1286 391 et
1304 351 1561 391 Hatherum
1592 349 1640 390 in
1663 349 1797 391 Jucia
1824 353 2085 391 statuentes.

438 425 506 465 Ab
538 425 628 465 hoc
655 424 858 464 Hathero
878 423 1177 464 Hathersloof
1204 427 1270 463 est
1301 423 1434 474 dicta,
1467 422 1575 477 quia
1607 422 1763 463 forsan
1794 422 1858 463 ibi
1882 434 2087 463 commu-

439 497 555 537 niter
586 496 767 537 mansit.
830 496 1036 547 Qualiter
1073 499 1227 536 autem
1259 507 1452 548 regnum
1485 494 1631 535 Danie
1667 494 1834 535 iterum
1865 494 1999 535 rediit
2029 495 2087 535 ad

438 569 639 622 priorem
673 568 959 620 sanguinem,
991 567 1083 608 iam
1117 568 1363 609 dicendum
1398 572 1475 608 est.

522 691 596 731 XI.
649 655 788 733 Erat
819 690 1010 744 quidam
1042 689 1210 731 nobilis
1235 689 1282 729 in
1301 688 1473 731 Swecia
1497 701 1551 729 ac
1574 689 1865 739 fortissimus,
1897 689 2086 730 nomine

437 764 697 815 Gunnarus‚
741 762 820 816 qui
861 763 920 804 ob
966 762 1265 815 grauissimas
1305 774 1470 803 causas
1511 761 1691 802 Noricis
1737 763 1852 803 adeo
1893 761 2086 802 infestus

435 836 533 887 fuit,
566 839 613 877 vt
642 839 810 876 terram
843 848 1004 876 eorum
1036 834 1212 875 intrans
1244 834 1402 876 omnia
1426 834 1628 875 flammis
1661 838 1704 876 et
1734 835 1924 875 cedibus
1951 835 2086 874 deua-

437 912 583 949 staret.
618 908 753 958 Quod
779 907 972 948 audiens
989 920 1067 948 rex
1086 906 1323 959 Norwegie
1341 906 1661 960 Regnwaldus,
1686 906 1779 947 iam
1805 910 1919 947 etate
1936 907 2086 947 decre—

436 980 571 1034 pitus,
598 979 781 1020 Vnicam
807 979 965 1032 filiam,
991 992 1130 1033 quam
1156 979 1332 1031 habuit,
1365 979 1572 1031 Drotam,
1604 978 1723 1020 facto
1750 991 1888 1033 specu
1914 978 2085 1019 subter-

435 1065 574 1093 raneo
614 1053 727 1093 clam
760 1052 959 1105 inclusit,
1000 1052 1118 1093 datis
1158 1052 1197 1092 ei
1228 1062 1432 1104 congruo
1472 1051 1697 1092 famulatu
1737 1064 1791 1092 ac
1823 1050 2084 1105 sumptibus

434 1124 702 1177 necessariis
749 1125 795 1165 in
828 1125 1154 1179 longinquum;
1202 1123 1506 1178 deposuitque
1548 1136 1655 1164 cum
1696 1137 1748 1165 ea
1789 1124 1935 1176 regias
1974 1135 2085 1177 opes

433 1209 487 1238 ac
531 1197 708 1249 gladios
754 1197 1020 1250 preelectos,
1067 1210 1123 1237 ne
1163 1197 1319 1237 hostes
1360 1196 1424 1237 eis
1465 1200 1716 1247 vterentur3
1763 1201 1805 1238 et
1849 1210 1907 1238 ne
1952 1196 2085 1237 facile

434 1282 574 1310 cauea
600 1270 1031 1323 deprehenderetur,
1065 1269 1253 1323 equauit
1277 1268 1489 1322 superius
1517 1270 1575 1310 ad
1595 1269 1886 1323 superficiem
1911 1268 2084 1323 relique

432 1345 559 1384 terre.
629 1342 792 1395 Sicque
832 1354 938 1383 curn
970 1341 1108 1382 sociis
1140 1341 1311 1382 bellum
1355 1341 1587 1394 ingressus
1619 1345 1779 1383 contra
1811 1342 2084 1383 Gunnarum

433 1418 697 1467 peremptus
729 1418 806 1455 est.
856 1415 911 1455 Vt
941 1418 1096 1455 autem
1123 1414 1315 1455 Noricos
1348 1414 1554 1455 deuictos
1585 1415 1832 1456 Gunnarus
1864 1417 2083 1468 perpetuo

432 1486 682 1540 opprobrio
705 1487 1018 1539 confunderet,
1051 1499 1213 1527 canem
1238 1486 1301 1527 eis
1324 1487 1562 1540 preposuit
1587 1500 1669 1541 pro
1701 1491 1889 1539 rectore,
1922 1486 2084 1528 substi-

433 1562 566 1599 tuens
599 1559 638 1599 ei
671 1559 865 1600 Noricos
897 1563 1103 1612 satrapas
1136 1562 1179 1599 et
1209 1560 1363 1612 duces,
1396 1559 1663 1613 addiditque
1704 1573 1872 1613 penam
1905 1558 2084 1599 mutila-

432 1631 578 1671 cionis
611 1631 942 1685 membrorum,
985 1631 1249 1685 quicunque
1289 1631 1409 1673 dicto
1451 1632 1554 1673 cani
1593 1631 1865 1673 discurrenti
1897 1632 2082 1685 plenum

432 1703 748 1745 veneracionis
767 1704 1043 1758 obsequium
1061 1717 1156 1745 non
1173 1704 1403 1757 preberet;
1435 1704 1747 1758 imposuitque
1766 1704 1829 1745 eis
1847 1703 2082 1756 geminum

431 1775 668 1828 tributum,
701 1789 844 1817 vnum
877 1776 923 1816 in
951 1780 1210 1830 autumpno
1244 1780 1286 1817 et
1309 1777 1503 1818 alterum
1536 1777 1583 1818 in
1601 1790 1705 1819 vere
1732 1776 1866 1817 annis
1892 1776 2083 1829 singulis

432 1848 804 1901 persoluendum.
874 1848 1077 1889 Audiens
1124 1853 1279 1890 autem
1317 1849 1460 1890 filiam
1499 1850 1617 1902 regis
1663 1854 1794 1890 antro
1840 1849 2082 1901 inclusam,

432 1933 537 1961 cum
563 1920 691 1961 omni
717 1921 941 1961 industria
968 1934 1070 1961 eam
1095 1934 1198 1962 cum
1227 1921 1323 1962 suis
1349 1922 1667 1975 inuestigabat.
1715 1921 1892 1962 Accidit
1914 1925 2082 1973 autem,

432 1997 476 2033 vt
522 1993 732 2046 superius
771 1993 998 2034 transiens
1045 1994 1397 2035 subterraneum
1440 2007 1653 2035 murmur
1698 1993 1838 2035 dubie
1883 1993 2081 2044 audiret3

518 2119 549 2153 1.
583 2118 796 2154 hononem
829 2119 882 2164 A;
929 2118 1138 2155 henonem
1173 2119 1212 2155 S.
1302 2119 1486 2166 pheonia
1518 2121 1562 2156 A.
1650 2120 1836 2156 roricum
1869 2120 1911 2155 in
1943 2119 2081 2166 longe-

428 2174 580 2211 landia.
611 2175 837 2211 hatherum
871 2175 910 2212 S.
986 2177 1179 2212 haterum
1206 2177 1251 2212 D.
1313 2177 1350 2214 2.
1384 2176 1640 2214 hathersloff
1660 2176 1709 2223 S;
1741 2176 2016 2213 hathersleeff
2035 2177 2080 2213 A.

431 2231 612 2268 Ceterum
644 2231 754 2268 lianc
776 2233 1016 2269 sententiam
1042 2236 1184 2270 auctor
1206 2234 1254 2269 de
1276 2244 1349 2269 suo
1374 2233 1578 2270 addidisse
1602 2234 1776 2277 videtum
1810 2234 1919 2270 Saxo
1944 2234 2078 2271 tamen

428 2289 509 2325 cilio
548 2290 633 2325 loco
681 2290 740 2335 (p.
782 2289 915 2336 3623
955 2291 1013 2327 ed.
1053 2289 1121 2336 M.)
1161 2291 1330 2327 eandem
1371 2301 1469 2336 rem,
1517 2291 1586 2327 sed
1624 2291 1833 2328 obscurius
1872 2292 1909 2327 et
1951 2290 2078 2337 aliter,

427 2346 641 2392 significat.
710 2347 747 2383 3.
777 2347 929 2383 iterum
962 2358 1039 2384 om.
1073 2348 1150 2385 AS.
1223 2349 1258 2384 4.
1290 2348 1447 2384 dictum
1461 2346 1501 2397 (1)
1532 2351 1593 2384 est
1625 2348 1665 2385 S.
1733 2348 1828 2385 Post
1856 2347 1943 2384 hoee
1974 2348 2015 2384 in
2047 2349 2080 2384 A

427 2403 609 2440 additur:
653 2406 696 2439 vt
727 2415 775 2440 eo
808 2404 958 2440 melius
992 2405 1279 2452 intelligantur
1310 2416 1392 2452 que
1424 2408 1682 2452 sequuntur;
1728 2405 1871 2442 deinde
1900 2405 2083 2452 sequitur

428 2460 655 2507 inscriptio:
704 2461 892 2505 Qualiter
938 2471 1112 2508 regnum
1163 2462 1293 2499 Danie
1341 2462 1465 2499 rediit
1510 2463 1563 2499 ad
1608 2463 1794 2510 priorem
1841 2463 2079 2509 sagwinem.

426 2517 470 2552 In
521 2518 554 2553 D
601 2515 810 2564 inscriptio
850 2521 922 2555 est:
970 2519 1207 2556 Gunnarus.
1299 2520 1334 2555 6.
1372 2528 1572 2566 gumarus
1613 2521 1646 2556 A
1685 2531 1853 2566 semper.
1930 2530 2079 2556 causas

427 2572 624 2623 mortis(!)
670 2575 708 2611 S.
798 2575 902 2611 adeo
950 2587 1029 2613 om.
1077 2577 1154 2613 AS.
1246 2577 1279 2613 7.
1324 2580 1480 2613 terram
1520 2577 1764 2614 noricorum
1808 2577 1847 2614 S.
1937 2576 2078 2613 omnia

427 2631 606 2667 flammis
646 2643 723 2668 om.
764 2632 802 2669 S.
894 2634 928 2669 8.
969 2634 1235 2680 rengwaldus
1277 2635 1330 2677 V;
1375 2634 1601 2680 regnaldus
1641 2636 1674 2671 A
1711 2632 1866 2684 (Suxo);
1913 2628 2078 2670 o'msS.

427 2689 462 2725 9.
499 2689 602 2724 Drot
634 2689 688 2734 V;
723 2690 855 2726 Droth
888 2690 964 2727 AS.
1041 2691 1148 2727 facta
1182 2691 1221 2728 S.
1303 2694 1497 2727 terraneo
1529 2691 1606 2728 AS.
1686 2692 1746 2728 10.
1779 2691 1884 2727 clam
1917 2690 2078 2737 scripsi,

426 2756 514 2781 eam
542 2746 654 2781 codd.
722 2756 909 2793 congruo
942 2747 1037 2785 fam.
1063 2759 1110 2785 ac
1135 2759 1213 2784 om.
1240 2748 1284 2784 A.
1349 2749 1409 2785 11.
1443 2749 1484 2784 in
1517 2749 1794 2795 longinquum
1827 2745 2014 2797 iturus(!)
2037 2747 2077 2784 S.

429 2803 488 2838 13.
507 2801 1057 2853 deprehe(n)detur(!)(D)V.
1119 2806 1171 2841 ad
1189 2816 1266 2842 om.
1286 2805 1325 2841 S.
1377 2806 1436 2842 14.
1462 2817 1557 2842 cum
1576 2806 1663 2842 suis
1682 2806 1721 2842 S.
1772 2806 1935 2842 15—16.
1961 2815 2076 2852 perp.

425 2860 542 2905 obpr.
576 2860 710 2896 Gunn.
746 2861 783 2896 S.
856 2861 917 2898 16.
952 2863 1177 2908 proposuit
1208 2862 1284 2899 AS.
1358 2863 1419 2898 18.
1451 2862 1524 2907 illi,
1556 2863 1799 2910 quicunque
1830 2863 1883 2907 A;
1914 2864 1957 2898 vt
1987 2861 2078 2908 qui-

425 2927 592 2963 cunque
625 2917 665 2952 S.
754 2917 866 2953 dicto
907 2919 1000 2954 cani
1040 2930 1118 2956 om.
1151 2921 1196 2964 A,
1241 2919 1335 2955 cani
1374 2930 1453 2955 om.
1494 2919 1532 2956 S.
1622 2920 1793 2967 plenum
1832 2919 1976 2965 scripsi
2013 2916 2078 2967 (ex

424 2974 618 3018 Saxone);
650 2973 772 3020 plene
788 2975 901 3011 codd.
965 2976 1026 3011 19.
1051 2977 1303 3023 obsequium
1328 2986 1406 3012 om.
1425 2976 1464 3012 S.
1529 2977 1694 3016 19—20.
1714 2976 1912 3024 gencium·
1924 2975 2018 3012 trib.
2036 2975 2075 3012 S.

426 3030 489 3066 21.
525 3033 662 3066 autem
705 3042 783 3067 om.
815 3032 892 3078 AS,
938 3032 1006 3068 scd
1045 3034 1086 3069 in
1119 3033 1153 3069 A
1188 3035 1327 3079 postea
1369 3034 1495 3080 igitur
1526 3030 1723 3072 additum.
1813 3033 1999 3069 clausam
2032 3033 2075 3068 A.

427 3088 489 3122 22.
524 3087 792 3133 inuestigauit
825 3089 863 3125 S.
927 3089 990 3124 23.
1026 3090 1155 3126 dubio
1189 3090 1228 3127 S.
