2150 3584
326 983 368 1014 10

328 1347 368 1378 15

329 1712 372 1743 20

331 2075 372 2106 25

393 200 474 240 372
738 210 1013 240 SCRIPTORES
1046 209 1273 240 fflsromAE
1307 208 1484 238 DANICAE
1515 209 1714 238 MINORES

393 325 510 375 nuit,
562 316 645 365 nec
685 337 737 365 ea
775 327 1017 365 contentus
1050 324 1248 365 Daniam
1287 323 1543 364 infestabat.
1607 323 1692 365 Cui
1725 324 1886 365 Sweno
1927 324 2048 365 circa

396 398 561 438 Diurso
603 409 709 437 cum
740 397 861 438 Jutis
900 397 1056 438 nauali
1095 397 1215 438 bello
1256 409 1500 437 occurrens
1532 396 1772 437 infeliciter
1803 397 2047 450 pugnauit;

393 483 501 510 nam
549 470 755 523 plerique
802 469 911 522 socij
970 470 1067 510 eius
1121 470 1333 510 timentes
1380 468 1583 521 gladium
1633 469 1677 509 in
1723 469 1839 509 mari
1888 473 2048 522 sponte

394 555 440 583 se
488 546 786 583 merserunt.r
843 543 1013 583 Iterum
1062 542 1238 594 Sweno,
1285 542 1474 583 collecto
1522 541 1721 582 exercitu
1768 542 1823 582 de
1871 541 2047 593 Scania,

395 615 625 656 Sialendia
658 619 699 655 et
730 615 831 655 aliis
862 615 1041 667 insulis,
1077 614 1278 655 Haraldo
1311 614 1509 655 occurrit
1540 614 1587 654 in
1620 600 1809 668 <Nissa>,
1849 615 2048 655 nauibus

393 691 700 741 pugnaturus;
747 699 946 741 cumque
980 687 1135 728 Norici
1175 687 1321 727 multo
1358 687 1512 740 plures
1544 690 1706 739 essent,
1754 687 1874 727 Dani
1906 700 2048 728 naues

394 773 500 801 suas
547 760 742 800 nexibus
789 764 831 800 et
876 759 1140 800 retinaculis
1181 759 1371 800 firmiter
1413 759 1765 812 coniungebant.
1828 759 2049 800 Inchoata

394 844 560 886 pugna,
607 833 797 886 quidam
839 832 1031 873 Aslacus
1074 833 1227 872 Dacus
1275 832 1556 885 stupendum
1604 844 1721 885 opus
1766 831 1892 882 fecit;
1938 845 2046 873 nam

392 905 510 946 intra
551 918 691 946 Vnam
733 918 901 945 nauem
934 904 1150 945 hostilem
1183 904 1355 945 saltans
1388 916 1494 945 cum
1526 904 1687 956 grandi
1719 904 1841 956 ligno
1874 891 2047 959 <omnia

395 963 550 1031 obuia>
582 981 676 1018 tam
709 977 871 1018 acriter
903 978 1139 1031 percussit,
1184 980 1228 1018 vt
1267 981 1454 1031 vterque
1487 977 1724 1030 exercitus,
1770 978 1825 1018 de
1858 977 2045 1031 strepitu

394 1051 569 1092 ictuum
602 1050 699 1091 eius
732 1050 965 1102 attonitus,
999 1049 1190 1090 dimissa
1218 1060 1372 1103 pugna
1399 1049 1571 1091 factum
1594 1049 1718 1090 illius
1741 1050 2048 1091 mirabundus

393 1123 657 1177 inspiceret;
699 1122 796 1176 ipse
836 1127 990 1163 autem
1024 1123 1149 1164 solus
1182 1135 1343 1163 omnes
1374 1122 1422 1163 in
1454 1122 1564 1163 naui
1596 1122 1673 1163 illa
1706 1123 1947 1164 existentes
1978 1123 2046 1165 vel

393 1196 516 1248 ligno
540 1195 757 1236 contriuit
777 1195 848 1236 vel
870 1194 917 1235 in
940 1194 1057 1236 mari
1075 1194 1277 1247 demergi
1295 1194 1452 1247 coegit.
1495 1195 1704 1250 Cumque
1723 1195 1842 1236 Dani
1867 1195 2046 1235 nullum

395 1268 545 1309 maius
591 1268 875 1309 adiutorium
921 1267 1187 1321 reciperent,
1235 1267 1415 1308 Noricis
1462 1281 1568 1309 vero
1615 1268 1770 1321 plures
1817 1267 1924 1321 socij
1974 1268 2049 1308 ad-

398 1341 620 1393 uenirent,
669 1341 938 1382 Scanienses
984 1341 1148 1382 timore
1195 1340 1407 1381 concussi
1449 1341 1505 1382 de
1550 1345 1683 1382 nocte
1729 1340 2049 1393 colligaciones

398 1413 588 1454 nauium
631 1414 868 1454 soluerunt
908 1413 1136 1467 sociisque
1173 1413 1364 1454 latenter
1394 1412 1562 1454 relictis
1592 1413 1784 1467 turpiter
1815 1425 1922 1454 cum
1955 1413 2050 1454 suis

397 1486 598 1527 nauibus
631 1486 917 1539 aufugerunt.
975 1486 1059 1527 Die
1091 1485 1312 1540 sequenti,
1345 1498 1451 1527 cum
1484 1486 1646 1527 Sweno
1679 1490 1882 1527 cerneret
1913 1499 2048 1527 suum

399 1559 648 1600 exercitum
695 1559 1019 1610 imminutum,
1070 1559 1402 1600 nichilominus
1448 1572 1501 1600 ex
1547 1570 1714 1611 magna
1760 1559 2050 1600 animositate

399 1645 504 1673 cum
546 1631 724 1672 Noricis
772 1631 1072 1684 congrediens
1118 1631 1267 1673 victus
1309 1636 1386 1673 est.
1450 1631 1621 1686 Captus
1667 1635 1733 1672 est
1777 1635 1931 1673 autem
1971 1644 2051 1685 per

400 1704 591 1745 Noricos
625 1704 797 1746 Skialm
834 1705 968 1757 HWit,
1015 1705 1146 1746 cuius
1186 1708 1302 1746 nutu
1341 1691 1479 1759 (ium)
1520 1704 1750 1745 Sialendia
1789 1704 2049 1757 regebatur3

398 1790 536 1831 quem
578 1781 763 1831 propter
803 1788 1021 1829 magnam
1054 1777 1228 1818 famam
1260 1790 1392 1818 suam
1426 1777 1632 1818 occidere
1663 1777 1923 1829 noluerunt,
1971 1777 2049 1818 sed

398 1854 583 1903 captum
617 1850 884 1901 seruabant;
915 1849 1013 1903 ipse
1045 1854 1200 1891 tamen
1233 1864 1322 1892 vna
1354 1854 1486 1891 nocte
1517 1850 1708 1891 latenter
1741 1850 1897 1890 euasit.

486 1923 562 1963 III.
627 1922 839 1964 Ceterum
873 1923 1117 1976 Haraldus,
1164 1924 1318 1964 adhuc
1350 1936 1443 1964 non
1476 1926 1717 1964 contentus
1750 1923 1931 1964 duabus
1963 1923 2050 1964 vic-

398 1995 526 2036 toriis
561 2008 697 2049 super
729 1995 900 2049 Danos,
932 2000 1100 2036 terram
1135 1995 1393 2049 frequenter
1424 1995 1688 2046 infestabat3
1721 1999 1880 2036 contra
1912 2008 2049 2049 quem

401 2068 565 2109 Sweno
599 2068 762 2120 modis,
802 2068 972 2123 quibus
1004 2072 1193 2122 poterat,
1235 2068 1442 2108 animose
1475 2068 1620 2121 magis
1651 2081 1792 2122 quam
1824 2067 2050 2109 fortunate

399 2141 650 2182 laborabat.
714 2141 889 2182 Interea
930 2140 1088 2194 sororij
1133 2141 1384 2194 Swenonis,
1432 2141 1633 2182 minores
1674 2141 1752 2195 filij
1796 2140 2050 2191 GodoWini,

401 2217 556 2254 contra
590 2213 776 2254 fratrem
809 2227 945 2254 suum
982 2213 1205 2254 maiorem
1240 2214 1511 2267 Haraldum,
1549 2225 1701 2267 regem
1733 2213 1905 2267 Anglie,
1947 2225 2050 2254 con-

401 2286 625 2339 spirantes
665 2287 722 2326 ad
757 2286 1029 2340 Haraldum,
1072 2297 1223 2339 regem
1258 2286 1510 2339 NorWegie,
1550 2286 1842 2340 transierunt,
1885 2285 2050 2340 promi-

489 2443 521 2478 1.
555 2441 717 2477 daciam
752 2442 790 2479 S.
880 2442 992 2478 circa
1034 2452 1113 2478 om.
1144 2443 1188 2479 A.
1280 2443 1314 2479 2.
1358 2442 1545 2489 dyrshoo
1576 2442 1654 2488 As,
1696 2442 1765 2478 sed
1794 2440 1937 2478 scriba.
1973 2441 2048 2477 vid.

402 2499 553 2535 Diursa
594 2500 818 2545 (Dyursam
852 2499 1030 2535 fluuium
1063 2499 1195 2544 Saxo).
1284 2500 1570 2547 propugnauit
1602 2501 1648 2536 D.
1741 2500 1777 2536 4.
1818 2510 1862 2536 se
1894 2510 1972 2536 om.
2003 2499 2048 2535 V.

402 2557 436 2592 5.
469 2559 509 2592 et
535 2556 729 2592 sialandia
749 2557 794 2595 D.
873 2557 996 2593 Nissa
1027 2567 1077 2592 ex
1099 2556 1262 2593 Saxone
1286 2556 1438 2602 addidi,
1471 2557 1579 2603 quod
1603 2556 1794 2593 excidisse
1815 2555 2050 2603 praepositio

401 2614 441 2648 in
483 2614 665 2650 ostendit.
755 2614 789 2650 9.
831 2615 1009 2659 vnum(!)
1040 2615 1083 2651 V.
1173 2614 1284 2660 ligno
1316 2614 1361 2658 A,
1408 2616 1451 2650 ui
1479 2614 1637 2660 soepius.
1728 2614 1865 2651 9—10.
1907 2613 2048 2650 omnia

401 2671 528 2706 obuia
561 2671 703 2706 addidi
725 2681 774 2706 ex
796 2670 968 2717 Saxone,
1001 2682 1101 2707 nam
1135 2672 1344 2718 percussit
1372 2670 1567 2707 obiectam
1599 2671 1810 2708 desiderat.
1879 2672 1937 2708 11.
1969 2671 2049 2706 iac-

402 2731 519 2763 tuum
546 2728 579 2763 V
606 2728 721 2764 male.
794 2728 951 2764 factum
984 2728 1073 2764 eius
1100 2729 1143 2765 D.
1208 2729 1373 2765 11—12.
1406 2729 1706 2765 mirabundam
1732 2728 1988 2775 inspicerent
2005 2728 2048 2764 A.

405 2785 570 2822 12—13.
605 2788 815 2822 aut..aut
848 2786 886 2822 S.
952 2786 1012 2822 13.
1045 2785 1220 2831 dimergi
1249 2786 1301 2831 D;
1335 2786 1462 2832 mergi
1491 2785 1530 2823 S.
1594 2787 1656 2822 15.
1688 2787 1838 2822 timore
1870 2796 1947 2822 om.
1972 2785 2048 2821 AS.

407 2843 467 2878 16.
496 2842 783 2879 dissoluerunt
806 2843 883 2879 AS.
958 2842 1026 2880 lat,
1054 2842 1239 2878 dimissis
1256 2843 1299 2880 A.
1364 2844 1425 2880 18.
1451 2844 1658 2879 minutum
1683 2843 1721 2880 S.
1784 2843 1948 2879 19-20,
1974 2853 2050 2889 per

404 2899 571 2935 noricos
604 2910 680 2936 om.
714 2901 756 2935 A.
848 2900 910 2937 20.
946 2900 1193 2936 skialmhwit
1223 2900 1276 2944 V;
1315 2900 1463 2936 skielm
1496 2900 1558 2946 (St
1603 2900 1749 2946 skelm)
1781 2900 1939 2937 hwiidh
1971 2899 2048 2935 AS.

403 2959 489 2991 tum
523 2956 665 2992 addidi
695 2967 744 2992 ex
774 2956 945 2993 Saxone.
1021 2957 1084 2993 22.
1117 2957 1207 3003 ipse
1238 2960 1376 2993 autem
1410 2958 1454 2994 V.
1535 2957 1712 2993 latenter
1743 2968 1822 2993 vna
1856 2959 1977 2992 nocte
2009 2956 2048 2992 S.

404 3012 467 3048 23.
502 3014 773 3060 Haquinus(!)
805 3015 844 3051 S.
906 3015 970 3050 24.
1002 3014 1226 3050 infestabat
1259 3015 1303 3050 D.
1365 3015 1429 3051 25.
1464 3015 1594 3061 magis
1626 3025 1701 3051 om.
1737 3015 1825 3060 DV,
1860 3014 2048 3050 animose

403 3073 442 3105 et
473 3070 566 3106 fort.
598 3071 674 3108 AS.
752 3071 1094 3117 fortuna(n)ter(!)
1126 3069 1184 3108 S2.
1246 3072 1311 3108 26.
1346 3072 1530 3108 minores
1562 3082 1640 3108 om.
1670 3073 1714 3107 A.
1785 3070 1983 3117 godiwini
2008 3069 2046 3106 S.
