2150 3584
359 1010 400 1041 10

358 1373 398 1403 15

354 2099 395 2129 25

352 2461 393 2491 30

430 228 512 268 276
771 239 1046 268 SCRIPTORES
1080 239 1305 268 fflsTomAE
1337 240 1514 268 DANICAE
1546 240 1745 269 MiNom-:s

430 353 546 393 inter
578 352 775 393 Daniam
810 357 850 393 et
883 353 1132 405 Orientem,
1178 365 1282 393 cum
1316 354 1527 394 hostibus
1559 353 1801 406 preliatur3
1847 354 1911 395 ibi
1943 354 2076 411 innu-

430 425 662 465 merabilis
694 424 940 465 multitudo
974 425 1259 466 Rutenorum
1292 430 1334 466 et
1365 426 1559 466 aliarum
1599 426 1811 477 gencium
1843 439 1950 467 cum
1983 428 2076 468 suis

430 497 714 550 principibus
752 497 988 548 occubuit,
1034 497 1094 537 ita
1146 502 1188 537 vt
1234 498 1390 538 nullus
1428 509 1587 549 regum
1629 501 1822 538 mortem
1864 500 2077 540 euaderet

429 574 576 622 preter
593 569 854 610 Olimarum
880 573 921 609 et
949 570 1143 622 Dagum,
1177 570 1255 623 qui
1284 570 1507 610 Frothoni
1540 583 1587 610 se
1619 571 1853 610 dederunt.
1903 572 2075 612 Frotho

428 646 578 682 autem
621 654 725 682 cum
766 641 814 681 in
856 642 1052 695 patriam
1092 642 1240 683 redire
1272 642 1418 694 vellet,
1465 641 1726 682 inauditum
1756 643 2076 695 nauigacionis

428 713 811 767 impedimentum
844 718 1055 767 expertus
1096 718 1173 755 est.
1251 715 1368 754 Nam
1413 714 1541 754 sinus
1580 727 1741 755 omnes
1782 716 1922 756 maris
1960 717 2075 756 adeo

427 787 583 839 repleti
617 791 745 826 erant
776 787 1080 827 cadaueribus
1114 791 1418 839 mortuorum,
1451 790 1497 828 vt
1529 799 1672 827 naues
1704 788 1950 840 procedere
1982 801 2075 829 non

427 862 626 912 possent,
659 871 743 899 nec
774 859 913 900 remis
944 860 1015 900 vel
1047 859 1194 900 contis
1226 860 1453 900 cadauera
1485 871 1724 899 remouere
1757 859 1821 900 sic
1852 864 2075 913 poterant,

426 931 538 984 quin
580 944 671 972 vno
710 935 865 972 amoto
906 932 1058 972 statim
1099 932 1223 972 aliud
1258 936 1506 984 emergeret
1537 932 1699 971 eodem
1731 932 1853 973 loco:
1900 933 2074 973 bellum

427 1016 532 1043 cum
564 1004 758 1044 mortuis
789 1005 1005 1044 obortum
1039 1005 1258 1045 crederes.
1336 1004 1545 1044 Tandem
1586 1004 1643 1044 ad
1687 1008 1854 1045 terram
1886 1005 2075 1046 veniens

426 1076 692 1116 conuocatis
731 1077 955 1128 gentibus,
998 1089 1114 1131 quas
1153 1076 1335 1128 vicerat,
1374 1076 1542 1128 statuit,
1583 1080 1642 1128 vt,
1683 1076 1893 1131 quisquis
1932 1081 2076 1130 pater-

425 1149 624 1189 familias
655 1149 702 1189 in
735 1149 854 1189 bello
886 1149 1128 1200 ceciderat,
1176 1162 1282 1189 cum
1315 1148 1532 1189 omnibus
1565 1153 1796 1189 armature
1829 1162 1909 1190 sue
1941 1149 2075 1202 insig-

426 1221 562 1261 nibus
600 1221 925 1271 tumularetur;
972 1235 1110 1275 quem
1154 1222 1190 1261 si
1231 1221 1333 1275 quis
1373 1219 1602 1273 spoliaret,
1645 1234 1738 1261 non
1787 1222 1937 1262 solum
1982 1222 2074 1264 vita

425 1293 701 1346 priuaretur,
748 1294 827 1334 sed
868 1294 1011 1334 eciam
1057 1294 1291 1347 sepultura
1325 1297 1508 1333 careret.
1582 1292 1874 1334 Centurionis
1905 1295 1976 1336 vel
2008 1307 2074 1335 sa-

424 1369 550 1418 trape
582 1378 748 1419 corpus
780 1377 890 1418 rogo
923 1367 1108 1419 propria
1141 1379 1259 1406 naue
1300 1369 1561 1406 constructo
1593 1365 1946 1407 incinerandum
1977 1379 2072 1420 pre-

426 1437 554 1491 cepit.
603 1439 770 1479 Decem
794 1439 1155 1491 gubernatorum
1178 1450 1370 1491 corpora
1394 1437 1530 1479 Vnius
1562 1438 1696 1478 nauis
1727 1438 1829 1490 igne
1862 1439 2073 1479 consumi

424 1510 575 1559 iussit;
622 1511 787 1551 ducem
834 1515 914 1551 aut
960 1522 1109 1563 regem
1151 1510 1440 1551 interfectum
1483 1510 1664 1563 proprie
1700 1510 1811 1550 naui
1853 1511 2071 1552 iniectum

425 1583 720 1623 concremari.
778 1583 1059 1636 Rutenisque
1091 1583 1306 1636 precepit,
1340 1587 1384 1622 vt
1415 1595 1578 1623 vxores
1610 1595 1703 1623 non
1735 1584 1953 1624 ducerent
1984 1584 2073 1623 nisi

425 1655 682 1707 empticias,
733 1668 786 1696 ac
825 1656 861 1696 si
900 1656 1003 1709 quis
1035 1656 1258 1708 virginem
1291 1655 1511 1696 violenter
1542 1656 1862 1708 oppressisset,
1909 1660 2073 1696 castra-

424 1731 567 1777 retur;
612 1727 817 1781 alioquin
851 1742 898 1769 se
930 1728 1172 1768 redimeret
1206 1728 1329 1768 mille
1360 1728 1554 1768 talentis.
1587 1734 1590 1735 ’
1619 1728 1782 1768 Statuit
1813 1728 1972 1780 eciam,
2011 1733 2071 1781 vt,

423 1799 686 1853 quicunque
740 1801 1021 1841 fortitudinis
1076 1801 1275 1853 tytulum
1329 1800 1579 1851 affectaret,
1634 1800 1870 1853 impeteret
1913 1814 2071 1852 vnum,

423 1872 538 1911 duos
582 1872 853 1913 inuadentes
886 1873 1133 1926 exciperet3
1181 1872 1327 1912 tribus
1367 1876 1520 1925 posset
1552 1873 1787 1913 modicum
1822 1874 1998 1923 cedere3
2045 1885 2071 1912 a

422 1943 536 1984 facie
569 1949 766 1997 quatuor
798 1946 950 1998 fugere
982 1958 1073 1986 non
1105 1945 1308 1998 puderet.

507 2017 604 2057 XII.
669 2018 776 2058 Post
807 2018 897 2058 hoc
931 2019 1101 2058 Frotho
1133 2017 1379 2069 interrogat
1412 2017 1613 2069 Ericum,
1645 2030 1704 2057 an
1737 2017 1959 2058 exercitus
1990 2021 2072 2058 ter-

423 2089 577 2129 restris
598 2090 842 2130 Hunorum
876 2094 992 2130 esset
1024 2090 1198 2143 equalis
1231 2089 1447 2130 exercitui
1474 2090 1667 2130 marino.
1717 2090 1807 2140 Qui
1839 2089 2072 2143 respondit

421 2174 467 2200 se
499 2161 666 2202 vidisse
698 2167 876 2202 tantum
910 2163 1179 2214 exereitum,
1227 2166 1272 2203 vt
1313 2162 1387 2203 vix
1428 2163 1687 2203 crederetur
1719 2175 1853 2215 posse
1885 2161 1988 2215 capi
2022 2162 2070 2202 in

420 2237 535 2273 terra
567 2235 637 2274 vel
669 2234 715 2274 in
748 2235 885 2285 mari;
925 2248 1032 2275 nam
1065 2234 1179 2275 vidit
1211 2247 1292 2275 .xv.
1328 2246 1493 2287 magna
1525 2235 1703 2287 vexilla,
1750 2235 1835 2275 sub
1870 2248 2068 2288 quorum

421 2306 624 2358 quolibet
656 2311 784 2347 erant
808 2311 991 2348 centum
1018 2307 1211 2358 minora,
1245 2320 1443 2360 quorum
1469 2307 1622 2347 adhuc
1645 2307 1882 2361 quodlibet
1908 2307 2071 2348 habuit

421 2382 522 2429 post
554 2391 600 2418 se
634 2391 737 2427 .xx.;
783 2384 1002 2433 erantque
1040 2384 1118 2420 tot'
1145 2380 1305 2431 duces,
1353 2383 1464 2432 quot
1505 2379 1682 2420 vexilla.
1761 2379 2069 2432 Interrogante

424 2450 667 2503 Frothone,
700 2452 936 2505 quomodo
960 2456 1086 2492 tanto
1112 2451 1328 2492 exercitui
1354 2455 1508 2504 posset
1525 2463 1776 2504 occurrere,
1805 2451 2067 2492 consultum

506 2580 528 2614 2
562 2580 657 2624 (18).
690 2581 968 2616 ruthenorum
1002 2581 1040 2617 S.
1104 2581 1139 2617 3.
1174 2581 1229 2616 ita
1262 2580 1375 2626 quod
1410 2579 1448 2616 S.
1511 2582 1546 2617 6.
1582 2583 1774 2626 repertus
1807 2579 1847 2615 S.
1930 2579 2068 2615 omnis

421 2635 532 2671 DAS.
596 2637 629 2672 7.
662 2640 701 2672 et
732 2648 861 2673 naues
880 2639 924 2674 V.
987 2639 1021 2674 9.
1054 2643 1118 2684 qffi
1151 2636 1245 2686 (pro
1270 2635 1358 2684 qui)
1381 2638 1457 2673 AS.
1526 2640 1666 2673 amoto
1694 2637 1739 2672 D.
1814 2639 2002 2682 vergeret
2028 2635 2068 2672 S.

423 2693 482 2728 10.
524 2693 717 2730 abortum
753 2695 871 2731 DVA.
946 2696 1166 2731 crederent
1197 2696 1240 2730 A.
1320 2695 1380 2730 11.
1421 2695 1613 2740 quisquis
1656 2705 1693 2740 p.
1731 2694 1804 2740 qui
1844 2694 1896 2738 A;
1944 2704 2067 2730 vnus-

419 2750 598 2796 quisque
632 2763 667 2797 p.
700 2753 771 2797 qui
805 2752 843 2788 S¹
924 2753 983 2788 13.
1017 2763 1141 2798 quem
1176 2752 1203 2787 S
1234 2749 1391 2800 (Saxo),
1423 2762 1505 2798 que
1540 2751 1659 2788 DVA.
1734 2752 1793 2787 14.
1827 2751 2068 2797 priuaretur

420 2805 467 2841 S‘2’
506 2808 545 2842 i11
584 2819 714 2853 msa-9.
749 2809 839 2845 add.
934 2810 995 2846 15.
1031 2810 1206 2856 proprio
1239 2810 1283 2844 A.
1374 2809 1471 2843 naui
1503 2808 1579 2844 AS.
1668 2807 1980 2843 insinerandum
2015 2807 2066 2853 D;

420 2864 673 2900 iniciendum
694 2867 745 2910 A;
778 2866 1086 2902 incendendum
1107 2866 1145 2902 S.
1212 2866 1272 2901 16.
1297 2865 1526 2911 decemque
1552 2864 1598 2910 S,
1630 2865 1779 2900 ducem
1793 2866 1831 2910 (1)
1858 2865 1903 2901 D.
1971 2874 2067 2900 con-

420 2922 571 2956 summi
606 2921 645 2957 S.
739 2923 798 2958 17.
833 2924 1004 2969 propria
1038 2923 1149 2958 codd.
1236 2924 1297 2958 18.
1330 2933 1500 2958 vxorem
1535 2921 1574 2957 S.
1662 2923 1723 2958 19.
1757 2932 1806 2957 ac
1837 2921 1989 2968 aliquis
2021 2921 2065 2958 V.

423 2978 625 3014 violenter
657 2991 735 3016 0111.
771 2979 809 3015 S.
887 2981 949 3016 20.
984 2992 1034 3016 m.
1067 2980 1233 3016 talentis
1265 2981 1356 3015 auri
1390 2979 1429 3015 S.
1510 2979 1660 3015 Statuit
1691 2982 1829 3015 autem
1862 2978 1992 3014 eciam
2026 2977 2065 3014 S.

421 3034 483 3069 21.
510 3036 666 3081 quique
687 3036 800 3072 DVS.
863 3038 926 3073 22.
952 3038 1135 3083 exiperet
1153 3038 1195 3073 A.
1258 3038 1322 3072 2-1.
1350 3037 1427 3072 hec
1444 3037 1490 3072 V.
1553 3036 1617 3072 28.
1645 3038 1733 3071 erat
1756 3046 1852 3071 cum
1878 3036 1974 3081 (pro
1992 3035 2066 3080 (ΣΝ)

421 3091 580 3127 minora
616 3094 659 3128 V.
739 3094 946 3139 quotlibet
977 3094 1020 3129 A.
1083 3095 1145 3129 29.
1179 3094 1293 3139 quod
1328 3104 1413 3129 vex.
1445 3094 1489 3128 A.
1552 3093 1615 3131 30.
1650 3095 1764 3128 tanto
1797 3103 1874 3128 om.
1909 3092 1953 3129 D.
