2150 3584
559 215 853 245 COMPENDIVM
886 216 1085 247 SAonis.
1134 218 1217 247 Lm.
1252 219 1279 247 ιι
1660 210 1742 250 229

102 332 215 388 patri
262 330 531 372 insidiosam
579 330 785 384 predixit.
876 331 950 372 Sic
994 335 1036 372 et
1082 332 1245 372 euenit.
1338 333 1452 374 Nam
1504 334 1595 374 tilia
1644 336 1741 375 eius

101 404 294 455 Vlussda,
341 403 524 444 cuidam
568 403 747 457 priuato
788 403 1004 456 denupta,
1053 404 1308 445 humilitate
1341 407 1502 458 copule
1537 412 1738 459 permota

102 476 315 518 maritum
355 475 401 516 in
444 487 599 516 necem
643 475 783 528 patris
825 477 939 516 adeo
979 476 1204 525 sollicitat,
1252 478 1373 530 quod
1419 478 1492 518 ille
1536 492 1613 531 per
1656 481 1743 519 hoc

100 549 287 591 insidias
334 548 585 601 pollicetur.
656 547 795 600 Igitur
841 561 916 588 rex
962 549 1019 588 ad
1067 548 1336 589 conuiuium
1387 550 1476 590 tilie
1524 551 1742 591 inuitatus

100 625 349 675 cautusque
388 633 467 673 per
506 620 787 673 sompnium,
833 622 956 674 quod
1001 620 1188 672 viderat,
1235 625 1435 662 armatos
1476 635 1565 663 non
1613 624 1742 674 longe
1769 634 1787 663 5

99 693 272 745 statuit,
330 693 408 747 qui
455 692 721 733 necessitate
769 696 946 746 petente
993 693 1144 733 statim
1193 694 1415 735 adessent.
1493 696 1582 745 Qui
1630 696 1739 735 (lum

98 766 251 807 cibum
290 769 483 818 caperet,
531 765 708 805 satelles
748 766 804 805 ad
848 765 936 805 hoc
974 765 1213 805 ordinatus
1254 766 1454 817 gladium
1497 768 1582 807 sub
1623 772 1742 808 veste

99 838 270 890 habuit,
303 841 570 891 exspectans
602 842 796 890 tempus,
829 850 921 890 quo
953 849 1103 889 regem
1137 838 1389 880 interficere
1415 844 1586 892 posset3
1618 841 1740 893 quod

99 923 172 950 rex
218 911 461 950 aduertens
507 909 637 960 signo
675 909 781 949 dato
827 913 1030 949 armatos
1070 909 1317 950 aduocauit
1364 896 1460 963 (ac)
1508 915 1739 951 auctorem

97 982 190 1023 doli
221 982 473 1023 interficere
506 981 649 1022 iussit.

180 1054 300 1096 XIII.
350 1055 523 1094 Interea
557 1067 634 1094 rex
662 1054 895 1094 Sueonum
924 1055 1214 1106 Hundfflgus,
1248 1055 1415 1095 habitis
1440 1054 1565 1095 falsis
1592 1067 1742 1094 rumo-

97 1128 223 1169 ribus
254 1128 310 1167 de
343 1131 487 1167 morte
523 1126 734 1178 Hadingi,
767 1127 1043 1167 conuocauit
1075 1128 1317 1180 optimates
1349 1127 1473 1179 regni
1507 1128 1590 1177 sui,
1624 1132 1664 1167 et
1697 1127 1740 1167 in

97 1213 270 1241 morem
289 1199 587 1252 exequiarum
612 1199 788 1239 dolium
814 1211 1033 1251 magnum
1062 1200 1282 1252 repletum
1304 1200 1496 1240 ceruisia
1526 1199 1569 1238 in
1591 1200 1741 1239 medio

97 1271 295 1325 conuiuij
331 1271 593 1321 collocauit3
626 1276 667 1311 et
699 1285 755 1312 ne
786 1272 896 1325 quid
927 1272 1200 1312 celebritatis
1224 1273 1412 1321 deesset,
1446 1272 1743 1324 personaliter

97 1345 195 1385 aliis
228 1343 503 1397 propinauit.
567 1344 775 1398 Cumque
805 1344 1058 1398 exequendi
1099 1344 1236 1397 osticij
1280 1345 1428 1395 gracia
1473 1344 1626 1384 aulam
1661 1344 1740 1383 cir·
1792 1358 1809 1387 5

98 1417 251 1468 cuiuit,
297 1416 472 1457 offenso
514 1417 628 1470 pede
661 1416 706 1457 in
739 1416 914 1457 dolium
949 1417 1165 1469 delapsus
1198 1417 1448 1457 suffocatus
1480 1416 1574 1456 fuit.
1638 1416 1741 1466 Quo

98 1490 276 1542 cognito
322 1489 571 1541 flamingus,
619 1501 774 1542 parem
817 1489 1069 1529 veneratori
1115 1490 1314 1541 graciam
1363 1489 1600 1539 relaturus,
1648 1492 1741 1528 toto

100 1563 268 1616 populo
300 1561 583 1614 inspectante
614 1574 661 1602 se
692 1561 844 1615 ipsum
879 1561 1128 1615 suspendio
1160 1561 1400 1602 interemit.

598 1745 675 1786 EX
709 1745 819 1786 LIB.
855 1745 908 1786 ΙΙ.
971 1745 1236 1786 SAXONIS.

184 1853 213 1892 I.
289 1817 532 1903 Hadingo
579 1852 796 1893 successit
843 1852 962 1893 filius
1010 1865 1121 1892 suus
1169 1853 1396 1903 Frotho‚
1450 1853 1598 1892 dictus
1644 1853 1739 1892 hin

101 1925 367 1977 samildae,
413 1924 492 1979 qui
538 1924 584 1964 in
630 1925 946 1966 adolescencia
993 1925 1213 1977 voluptati
1261 1925 1469 1965 animum
1519 1925 1741 1965 subtraxit

100 2000 233 2050 atque
265 1997 311 2037 in
344 1996 565 2037 exercicio
597 1996 693 2038 fuit.
741 1997 831 2048 Qui
863 2009 968 2037 cum
999 1998 1044 2037 in
1072 1997 1245 2037 bellicis
1270 1998 1448 2037 actibus
1472 1998 1737 2037 thesaurum

101 2071 339 2121 paternum
381 2069 669 2122 expendisset
707 2081 791 2109 nec
828 2069 919 2109 iam
967 2069 1193 2122 stipendia
1239 2069 1492 2110 necessaria
1540 2070 1740 2117 haberet,

99 2140 274 2181 audiuit
320 2141 366 2181 in
413 2141 614 2195 quadam
654 2141 803 2182 insula
846 2155 943 2182 esse
980 2142 1229 2182 draconem
1275 2143 1491 2182 thesauro
1537 2141 1739 2181 maximo

184 2330 218 2366 3.
250 2330 472 2375 sol(l)icitat
495 2331 600 2366 adeo
625 2330 701 2367 AS.
763 2332 799 2366 4.
830 2331 960 2366 lilium
991 2330 1175 2366 inuitans
1199 2332 1248 2375 Α;
1281 2341 1355 2376 per
1381 2330 1510 2366 tilium
1538 2331 1738 2365 inuitatus

100 2386 138 2425 S.
201 2388 236 2424 5.
267 2391 493 2434 tantusque
525 2398 600 2435 per
631 2389 684 2433 V;
714 2390 938 2434 tantosque
969 2391 1144 2434 propter
1175 2387 1252 2423 AS.
1313 2388 1348 2423 6.
1380 2387 1458 2422 sibi
1491 2388 1629 2422 statim
1663 2388 1738 2423 AS.

101 2443 134 2479 8.
166 2448 389 2491 expectans
421 2445 487 2481 VS
526 2446 577 2490 (et
606 2444 662 2480 sic
691 2455 796 2490 soepe
828 2444 1032 2490 variatur).
1108 2445 1143 2480 9.
1175 2445 1402 2480 aduertans
1434 2444 1478 2480 V.
1559 2444 1738 2479 aduocat

100 2501 173 2537 AS.
241 2512 290 2537 ac
320 2502 471 2538 addidi.
538 2505 722 2538 actorem
755 2501 831 2538 As.
896 2502 957 2537 10.
988 2501 1138 2537 iubens
1170 2501 1246 2537 AS.
1311 2503 1370 2537 11.
1406 2503 1594 2537 sueorum
1629 2501 1739 2545 VD1;

101 2558 312 2594 suecorum
333 2557 404 2604 023
438 2561 739 2604 l'u(l'w)euorum
758 2559 833 2594 As.
895 2559 1101 2604 hadingus
1120 2558 1185 2594 VS
1210 2561 1260 2603 (et
1278 2558 1391 2594 1'111'11'0
1411 2559 1466 2601 D).
1529 2558 1680 2593 habilis
1699 2558 1738 2593 S.

103 2614 162 2650 12.
194 2619 402 2652 conuocat
433 2616 472 2653 S.
556 2617 740 2663 optimos
773 2616 824 2661 Ᾱ;
870 2616 1105 2662 aptiores(!)
1138 2615 1176 2651 S.
1257 2616 1316 2651 13.
1350 2624 1543 2661 magnum
1577 2615 1735 2650 dolium

100 2671 186 2708 AS..
243 2674 305 2712 14.
338 2673 559 2709 celebratis
573 2675 611 2718 (ἔ)
641 2673 687 2711 V.
767 2674 828 2709 15.
862 2673 1101 2719 propinare,
1132 2673 1172 2708 id
1204 2675 1270 2717 est,
1306 2676 1450 2719 potum
1485 2672 1646 2718 poculis
1681 2673 1738 2707 iu-

102 2726 284 2766 fundere.
368 2739 452 2776 gra.
486 2741 621 2777 exseq.
653 2730 720 2767 off.
752 2730 828 2766 AS.
907 2729 968 2766 16.
999 2730 1143 2775 lapsus
1175 2729 1251 2765 AS.
1330 2731 1390 2765 17.
1423 2730 1609 2765 venatori
1644 2732 1738 2774 (μω

102 2782 323 2831 ven‘satori)
370 2787 490 2824 DVA.
582 2787 644 2824 19.
689 2787 905 2832 Inscriptio
951 2786 992 2822 in
1040 2787 1091 2822 D:
1144 2787 1180 2823 2.
1227 2786 1334 2822 liber
1382 2786 1551 2821 saxonis.
1597 2785 1736 2821 frotho

29 2859 35 2864 ·
103 2841 182 2878 Rex
224 2843 287 2889 19.;
333 2843 374 2879 in
415 2846 464 2880 A:
512 2845 571 2880 De
611 2844 717 2890 Rege
758 2844 966 2880 ffrothone
1003 2843 1189 2888 dictus(!)
1236 2844 1337 2879 hind
1380 2843 1573 2886 famssdae,
1620 2845 1654 2878 et
1696 2842 1734 2877 ιή

102 2908 248 2946 ιιιαιῃ.;
294 2910 348 2937 1x.
380 2901 515 2937 Frode
553 2901 729 2947 hadings
764 2903 829 2937 lon
863 2900 965 2936 hind
996 2900 1214 2945 geffmilde.
1290 2901 1353 2936 20.
1387 2899 1495 2935 froto
1527 2910 1608 2934 11011
1644 2910 1737 2934 rat-0

101 2955 208 2992 codd.
268 2957 435 3000 (dictus)
459 2958 531 2994 hin
561 2957 755 2994 faemildae
782 2957 994 2994 exAnnal.
1013 2956 1159 3003 Ryens.
1222 2957 1286 2993 21.
1311 2957 1496 2992 animum
1525 2956 1738 3002 v(w)olup·

103 3013 171 3048 tati
195 3013 270 3050 As.
331 3015 395 3051 22.
427 3018 641 3051 tesaurum
675 3015 722 3060 S;
753 3016 1000 3051 thezaurum
1028 3014 1080 3058 D3
1110 3014 1167 3050 sic
1196 3024 1300 3059 saepe
1328 3014 1368 3049 in
1397 3014 1508 3049 codd.
1532 3014 1716 3048 variana·

102 3079 172 3114 eyo
201 3081 362 3117 semper
391 3072 491 3108 thes.
524 3071 711 3108 scribam.
774 3073 838 3108 24.
870 3071 1051 3107 maximo
1083 3081 1161 3107 om.
1194 3071 1238 3107 D.

167 3148 267 3180 Script.
288 3150 353 3175 nist.
377 3151 446 3175 Dan.
468 3151 603 3175 minores.

99 2212 406 2254 incubantem.
498 2213 637 2266 Igitur
692 2214 802 2254 illuc
846 2214 1068 2254 accedens
1113 2218 1368 2267 serpentem
1415 2215 1471 2254 de
1516 2227 1634 2267 aqua
1681 2214 1737 2253 ad
1765 2229 1806 2258 25

1771 996 1810 1026 10

1767 1867 1809 1896 20
