2150 3584
78 1087 118 1119 10

77 1923 115 1954 15

75 2284 116 2315 20

475 211 692 239 SVENONIS
724 210 915 239 AGGONIS
949 212 1051 239 FILII
1086 212 1167 239 LEX
1201 212 1467 240 CASTRENSIS
1734 203 1786 241 75

947 324 985 384 S

147 430 283 471 ternis
309 430 568 471 excessibus
593 430 969 484 inobsequentem
998 431 1236 482 notauerit,
1269 436 1309 471 et
1336 432 1596 484 resipiscere
1620 433 1785 473 detrec-

147 502 321 553 tauerit,
368 506 620 542 extremum
660 516 763 543 eum
811 503 1019 543 omnium
1063 503 1307 543 locandum
1358 508 1623 544 statuerunt.
1690 505 1785 544 Imo

146 575 457 625 decreuerunt,
490 579 538 614 ut
570 576 757 629 quilibet
791 575 1106 615 conuictorum
1143 588 1243 614 ossa
1279 576 1322 614 in
1357 589 1459 614 euni
1491 590 1569 628 pro
1599 577 1784 616 arbitrio

147 659 228 687 suo
261 646 458 698 iactaret,
492 659 575 687 nec
605 647 848 700 quisquam
885 651 1119 700 propterea
1152 648 1413 687 temeritatis
1440 652 1516 687 aut
1542 649 1785 700 petulantie

146 722 418 770 argueretur.
470 719 673 772 Insuper,
708 724 767 770 ut,
800 719 863 759 illi
897 720 940 759 in
976 724 1084 772 potu
1118 723 1159 759 et
1191 719 1293 759 cibo
1320 720 1500 760 nemine
1532 721 1786 760 communi-

145 794 287 842 cante,
335 804 417 831 suo
456 791 580 831 solus
619 792 769 832 catino
812 795 1052 832 contentus
1093 795 1209 831 esset
1255 795 1295 831 et
1337 792 1514 844 poculo.
1577 794 1630 831 At
1664 806 1785 843 uero,

145 863 180 903 si
213 863 468 916 cuiuspiam
503 863 748 916 pertinacie
781 865 894 904 adeo
929 864 1202 917 patrocinari
1235 864 1367 904 uellet
1393 864 1508 915 regis
1532 864 1784 915 clementia,

146 938 192 975 ut
230 948 335 975 eum
373 935 459 975 sibi
499 936 803 977 collateralem
848 936 1167 977 constituendo
1208 936 1252 976 in
1287 936 1433 989 prima
1468 937 1571 977 sede
1604 937 1784 987 locaret,

144 1020 196 1048 ex
242 1007 460 1060 principis
501 1009 589 1049 hoc
627 1009 907 1060 indulgentia
949 1007 988 1047 ei
1028 1008 1373 1048 concedendum
1422 1012 1652 1061 putarunt,
1700 1009 1786 1048 hac

144 1083 295 1120 tamen
335 1079 507 1120 adiecta
548 1081 823 1131 conditione,
871 1085 919 1121 ut
960 1081 1018 1120 ab
1060 1080 1185 1120 omni
1225 1080 1593 1121 commilitonum
1644 1092 1785 1133 segre-

143 1155 272 1204 gatus
303 1152 585 1193 adminiculo
617 1166 642 1193 a
676 1153 839 1206 prioris
871 1153 982 1193 iuris
1015 1152 1290 1204 obligatione
1323 1157 1537 1206 exceptus
1569 1157 1696 1193 esset.

846 1432 967 1473 CAP.
1001 1432 1074 1473 VI.

143 1518 222 1558 DE
254 1518 459 1559 MVTVA
492 1518 746 1560 FAVORIS
779 1519 1182 1560 EXHIBITIONE
1216 1519 1292 1559 ET
1326 1520 1780 1561 STIPENDIORVM

787 1591 1145 1633 SOLVTIONE.

235 1662 349 1740 Sed
391 1710 494 1737 cum
529 1699 584 1738 de
615 1698 771 1738 multis
803 1699 874 1739 lex
906 1702 1021 1739 esset
1053 1700 1292 1739 statuenda
1325 1698 1529 1750 negotiis,
1574 1699 1782 1738 Kanutus

141 1782 218 1810 rex
248 1783 274 1810 a
306 1769 548 1823 principali
580 1770 795 1822 dignitate
828 1771 1031 1811 eiusdem
1065 1771 1325 1811 inchoanda
1358 1770 1487 1810 duxit
1516 1770 1780 1822 primordia.

141 1841 294 1882 Voluit
331 1841 497 1882 etenim
536 1843 773 1883 clementie
820 1847 861 1884 et
908 1843 1276 1884 mansuetudinis
1321 1846 1681 1895 temperamento
1721 1842 1780 1881 ita

141 1926 187 1954 se
218 1915 274 1953 ad
309 1914 505 1954 militum
538 1915 776 1955 arbitrium
810 1916 1125 1967 accomodare,
1157 1916 1392 1969 quomodo
1420 1915 1515 1967 ipse
1543 1914 1630 1954 illis
1656 1915 1781 1954 obse-

141 1986 309 2038 quendi
342 1986 538 2027 formam
571 1988 978 2041 necessitatemque
1011 1988 1320 2041 prescriberet.
1376 1986 1551 2027 Placuit
1583 1997 1700 2038 ergo,
1735 1990 1781 2025 ut

141 2070 217 2098 rex
249 2071 326 2099 seu
359 2059 550 2113 quilibet
580 2059 805 2113 princeps,
837 2061 913 2115 qui
948 2061 1169 2101 exercitus
1201 2060 1418 2100 comitatu
1452 2059 1633 2111 gloriari
1661 2058 1780 2109 uelit,

141 2142 368 2184 quemque
415 2132 542 2171 decet
585 2132 662 2172 tali
704 2133 879 2173 honore
921 2133 1068 2186 potiri,
1117 2132 1395 2183 fidelitatem,
1442 2144 1579 2184 quam
1621 2144 1643 2170 a
1687 2130 1780 2170 suis

141 2201 408 2243 hominibus
441 2203 588 2255 exigit,
620 2205 779 2245 iisdem
815 2205 1017 2245 uicissim
1052 2208 1283 2258 prestaret,
1317 2205 1472 2244 uultus
1506 2203 1778 2243 hilaritatem

142 2274 337 2314 exiberet
382 2276 700 2330 comitatisque
747 2280 788 2316 et
825 2277 1103 2317 affabilitatis
1150 2277 1341 2329 gratiam
1389 2289 1479 2316 non
1528 2277 1779 2327 denegaret.

142 2345 290 2399 Opere
335 2361 518 2401 quoque
564 2348 761 2401 pretium
801 2349 928 2389 duxit
971 2353 1178 2399 statuere,
1226 2352 1274 2389 ut
1313 2361 1391 2388 rex
1432 2348 1527 2388 siue
1569 2347 1779 2400 princeps

142 2417 365 2471 stipendia
406 2420 628 2461 militibus
668 2421 776 2472 suis,
824 2421 900 2461 ubi
950 2435 1060 2461 usus
1109 2422 1179 2461 uel
1225 2421 1470 2461 necessitas
1518 2420 1778 2473 postularet,

143 2489 237 2530 sine.
277 2504 404 2532 mora
446 2492 663 2546 omnique
703 2493 1060 2534 contradictione
1099 2497 1272 2534 remota
1308 2493 1687 2544 subministraret,
1732 2495 1778 2531 ut

141 2561 219 2613 illi,
266 2575 406 2604 censu
445 2564 741 2617 stipendiario
788 2570 1014 2618 percepto,
1060 2565 1350 2617 benignitatis
1391 2564 1538 2605 uicem
1579 2563 1778 2605 dominis

76 2648 83 2656 ·
142 2635 235 2675 suis
273 2636 510 2677 reddentes
557 2637 837 2678 omnimodis
875 2638 1030 2678 fideles
1075 2638 1314 2678 existerent
1353 2650 1604 2690 eorumque
1642 2636 1778 2676 iussis

143 2707 286 2759 parati
327 2708 693 2762 obtemperarent
731 2710 1045 2764 preceptisque
1084 2723 1241 2762 parere
1286 2723 1379 2750 non
1420 2709 1776 2762 supersederent.

144 2779 328 2820 Frustra
360 2793 559 2834 namque
591 2782 738 2834 exigit,
771 2782 862 2835 qui,
894 2783 1016 2835 quod
1049 2782 1194 2833 debet,
1227 2795 1320 2822 non
1352 2781 1586 2834 impendit.

226 2930 288 2966 Aa
320 2931 359 2967 S.
421 2932 455 2966 4.
487 2932 741 2978 petulantiae,
786 2933 858 2978 cfr.
892 2932 999 2968 Saxo
1027 2944 1067 2978 ρ.
1103 2933 1166 2975 86,
1198 2934 1218 2969 7
1244 2944 1299 2979 sq.
1332 2945 1366 2969 α.
1401 2935 1423 2968 i.
1511 2934 1569 2967 14.
1601 2932 1778 2966 clemen-

144 2986 617 3034 tiae..temperamento‚
648 2989 719 3035 cfr.
751 2990 858 3026 Saxo
886 3001 925 3036 p.
963 2990 1163 3036 527,9sq.
