2150 3584
42 1106 82 1138 10

41 1468 80 1499 15

40 1831 80 1862 20

41 2191 82 2223 25

240 226 458 256 SVENONIS
491 226 683 255 AGGONIS
716 226 818 254 FlLll
854 227 1012 255 BREVIS
1046 227 1257 256 HISTORIA
1294 228 1442 257 REGVM
1479 229 1610 257 DACIE
1699 218 1753 257 99

911 339 950 401 S

108 453 149 491 et
183 449 415 489 ‘Prudens'
457 447 606 488 dictus
645 451 722 488 est.
787 447 873 488 Hic
912 447 1059 488 filium
1098 448 1266 501 genuit,
1309 448 1398 490 Uffi
1433 449 1633 501 nomine,
1676 450 1755 504 qui

108 534 250 576 usque
292 521 348 561 ad
390 520 672 561 tricesimum
721 520 851 561 etatis
893 533 973 561 sue
1015 533 1190 561 annum
1238 521 1364 561 sandi
1405 522 1754 575 possibilitatem

108 593 311 635 cohibuit
352 597 536 646 propter
576 593 893 633 enormitatem
929 593 1180 646 opprobrii,
1227 593 1350 647 quod
1391 597 1501 634 tunc
1538 595 1756 648 temporis

108 666 249 707 Danis
295 666 538 718 ingruerat,
586 678 638 706 eo
685 665 808 719 quod
857 665 901 705 in
953 664 1175 705 ultionem
1223 665 1364 718 patris
1410 666 1502 706 duo
1544 667 1661 707 Dani
1709 667 1753 706 in

108 738 313 781 Sueciam
346 737 536 791 profecti
568 737 839 791 patricidam
874 750 1009 777 suum
1045 750 1135 777 una
1170 737 1511 778 interemerunt.
1564 739 1678 779 Nam
1714 743 1756 779 et

105 815 213 852 tunc
256 811 476 864 temporis
521 810 881 862 ignominiosum
931 809 1074 850 extitit
1119 809 1469 863 improperium,
1521 811 1557 850 si
1604 811 1754 851 solum

106 884 196 925 duo
241 883 519 936 iugularem,
567 883 804 936 presertim
853 895 959 923 cum
1007 883 1090 923 soli
1140 882 1397 923 strenuitati
1443 886 1553 923 tunc
1599 896 1753 936 super-

107 956 278 997 stitiosa
310 955 534 1008 gentilitas
566 968 753 1008 operam
780 955 1014 1007 satagebat
1037 955 1314 1008 impendere.
1365 955 1571 995 Prefatus
1604 955 1754 1010 itaque

106 1028 419 1069 Wermundus
450 1040 595 1082 usque
627 1028 684 1068 ad
717 1027 897 1068 senium
930 1027 1056 1080 regni
1090 1027 1159 1067 sui
1184 1027 1470 1079 gubernabat
1494 1027 1755 1081 imperium,

107 1102 218 1142 adeo
235 1101 419 1141 tandem
440 1103 554 1140 etate
573 1104 891 1153 consumptus,
917 1104 965 1140 ut
989 1100 1109 1140 oculi
1135 1100 1232 1141 eius
1255 1113 1333 1153 pre
1351 1100 1478 1140 senio
1497 1100 1754 1152 caligarent.

107 1174 246 1215 Cuius
285 1172 531 1213 debilitatis
570 1172 694 1213 fama
734 1185 838 1213 cum
880 1173 1001 1226 apud
1037 1172 1368 1226 Transalpinas
1400 1176 1550 1226 partes
1582 1185 1754 1226 percre-

107 1246 289 1297 buisset,
322 1245 531 1285 elationis
558 1245 817 1297 turgiditate
836 1245 1085 1286 Teotonica
1109 1244 1327 1285 intumuit
1345 1245 1573 1298 superbia,
1600 1249 1755 1298 utpote

107 1318 199 1359 suis
223 1330 478 1372 ⁴nunquam
517 1321 729 1358 contenta
761 1317 982 1358 terminis.
1047 1317 1166 1358 Hinc
1197 1317 1367 1358 furoris
1398 1318 1469 1358 sui
1501 1318 1676 1358 rabiem
1708 1318 1755 1358 in

107 1392 260 1432 Danos
300 1390 479 1431 exacuit
510 1389 772 1443 imperator,
820 1402 866 1430 se
907 1390 999 1430 iam
1035 1391 1274 1431 Danorum
1317 1402 1457 1442 regno
1496 1390 1755 1444 conquisito

105 1467 333 1517 sceptrum
381 1462 584 1503 nancisci
626 1462 864 1514 augustius
910 1463 1215 1516 conspicatus.
1279 1463 1555 1514 Delegantur
1603 1464 1754 1516 itaque

106 1536 422 1589 spiculatores,
482 1534 561 1589 qui
615 1534 783 1586 turgidi
840 1534 1061 1588 principis
1116 1535 1239 1575 iussa
1292 1539 1525 1588 reportent
1581 1535 1753 1588 prefato

107 1609 342 1649 Danorum
373 1607 480 1659 regi,
522 1606 693 1647 scilicet
724 1608 1026 1659 Wermundo,
1065 1608 1264 1648 duarum
1296 1620 1449 1648 rerum
1484 1607 1754 1661 prefigentes

106 1680 385 1732 electionem,
432 1692 628 1733 quarum
669 1692 774 1732 pars
812 1683 967 1720 tamen
1008 1684 1168 1720 neutra
1208 1680 1352 1721 extitit
1384 1680 1602 1732 eligenda.
1665 1681 1754 1720 Aut

106 1752 224 1793 enim
266 1763 457 1804 regnum
495 1752 628 1792 iussit
670 1752 879 1793 Romano
925 1752 1154 1805 resignare
1202 1753 1394 1806 imperio
1444 1756 1485 1792 et
1529 1753 1753 1793 tributum

106 1826 295 1877 soluere,
342 1828 420 1865 aut
457 1825 675 1865 athletam
707 1824 996 1877 inuestigare,
1042 1825 1121 1879 qui
1161 1837 1265 1866 cum
1307 1825 1596 1878 imperatoris
1634 1837 1753 1865 cam-

105 1897 239 1950 pione
287 1897 661 1938 monomachiam
700 1897 985 1938 committere
1024 1898 1221 1938 auderet.
1294 1898 1397 1948 Quo
1440 1898 1596 1938 audito
1637 1897 1753 1950 regis

106 1969 246 2010 extitit
293 1983 421 2010 mens
467 1973 776 2019 consternata;
837 1969 1068 2023 totiusque
1114 1970 1240 2022 regni
1287 1982 1528 2023 procerum
1577 1970 1752 2022 legione

106 2046 351 2095 corrogata,
397 2043 508 2096 quid
540 2042 658 2082 facto
691 2055 807 2095 opus
840 2041 909 2094 sit,
952 2041 1156 2094 diligenti
1188 2042 1485 2096 inquisitione
1518 2046 1752 2095 perconta-

106 2113 249 2155 batur.
298 2115 564 2168 Perplexam
590 2128 636 2155 se
662 2127 862 2167 namque
887 2114 1003 2167 regis
1028 2115 1300 2155 autumabat
1331 2114 1564 2166 autoritas,
1598 2118 1752 2168 utpote

106 2186 178 2227 cui
217 2191 258 2227 et
294 2187 365 2227 ius
413 2187 711 2227 incumbebat
754 2187 1028 2237 decertandi,
1076 2191 1118 2226 et
1163 2186 1242 2240 qui
1287 2198 1427 2239 regno
1475 2187 1752 2240 patrocinari

105 2259 352 2300 tenebatur.
442 2260 629 2300 Vultum
691 2258 855 2299 cecitas
911 2259 1284 2310 obnubilauerat,
1347 2262 1388 2299 et
1439 2259 1563 2311 regni
1622 2259 1752 2300 heres

107 2330 296 2382 elinguis
328 2331 474 2372 factus
507 2331 683 2372 desidia
714 2335 960 2384 torpuerat,
1003 2331 1065 2370 ita
1097 2334 1147 2371 ut
1177 2331 1223 2371 in
1258 2344 1310 2371 eo
1343 2331 1580 2371 communi
1613 2345 1753 2372 asser-

106 2401 226 2443 tione
257 2404 381 2444 nulla
415 2417 603 2457 prorsus
637 2403 809 2457 species
843 2403 1001 2443 salutis
1034 2403 1254 2444 existeret.
1318 2403 1435 2443 Nam
1469 2404 1526 2443 ab
1558 2404 1751 2444 infantia

107 2475 305 2527 prefatus
352 2476 455 2516 Uffo
501 2476 672 2517 ventris
718 2475 986 2527 indulgebat
1030 2475 1271 2527 ingluuiei,
1330 2479 1371 2515 et
1418 2476 1751 2529 Epicureorum

43 2551 84 2584 30
109 2558 234 2588 more
272 2548 467 2601 coquine
507 2553 548 2588 et
587 2547 770 2588 cellario
803 2548 1029 2588 alternum
1064 2547 1268 2588 officiose
1299 2548 1595 2601 impendebat
1627 2549 1752 2589 obse-

109 2619 280 2671 quium.
330 2620 576 2672 Corrogato
608 2620 760 2673 itaque
786 2623 886 2660 cetu
914 2632 1154 2673 procerum
1181 2620 1411 2674 totiusque
1435 2620 1559 2672 regni
1585 2621 1751 2673 placito

109 2690 332 2732 celebrato
363 2692 729 2733 Alamannorum
770 2692 887 2744 regis
926 2691 1226 2732 ambitionem
1268 2692 1504 2746 explicuit;
1551 2693 1660 2747 quid
1704 2692 1748 2732 in

113 2969 204 3004 ante
232 2969 273 3004 in
307 2969 461 3005 excidit.
522 2980 710 3016 corpore.
773 2970 836 3005 32.
869 2972 925 3005 ett
948 2970 990 3005 in
1017 2969 1191 3005 iuuenili
1217 2980 1248 3006 c.
1274 2973 1381 3006 etate
1409 2981 1440 3006 r.
1464 2981 1496 3006 c.
1529 2974 1752 3006 conseruet

113 3023 207 3070 (pro
238 3027 505 3072 conserua'e).
