2150 3584
250 998 290 1029 10

249 1360 289 1391 15

248 1770 291 1801 20

248 2132 289 2162 25

321 214 374 253 28
661 225 935 254 SCRIPTORES
968 226 1195 256 HISTORIAE
1226 226 1402 254 DANICAE
1434 226 1633 254 MINORES

322 339 466 391 pecijt.
528 339 583 379 At
624 338 698 379 ille
737 338 828 378 iam
872 339 980 379 satis
1013 341 1215 393 pulchre,
1264 340 1389 394 quod
1422 338 1581 390 uoluit,
1628 325 1877 392 (occuluit),
1925 343 1967 380 et

321 412 405 452 sub
446 412 647 465 quadam
687 411 810 464 pacis
854 424 907 452 ac
939 412 1045 452 fidei
1078 413 1326 466 sponsione
1358 424 1405 451 se
1437 411 1476 451 ei
1509 411 1855 452 benefacturum
1887 424 1966 465 per

320 483 476 524 omnia
523 483 744 536 promisit.
817 484 901 525 Sed
950 489 1195 538 postquam
1241 498 1346 525 eum
1395 496 1501 524 cum
1548 484 1707 537 paucis
1755 483 1966 536 suscepit,

320 556 490 607 omnia,
536 569 624 610 que
665 556 712 596 in
752 557 888 596 corde
927 561 968 597 et
1005 557 1141 598 corde
1187 558 1366 598 locutus
1413 556 1572 608 fuerat,
1620 555 1858 596 manifeste
1904 556 1966 596 rei

320 633 510 669 euentus
543 628 752 669 ostendit.
816 629 934 669 Nam
975 630 1125 669 ablata
1157 629 1285 670 omni
1317 628 1526 682 pecunia,
1571 641 1710 682 quam
1743 629 1967 680 attulerat,

320 704 361 741 et
401 700 670 741 hominibus
708 701 854 754 ipsius
895 702 1098 754 depulsis
1136 701 1337 755 precepit
1378 701 1486 754 suis,
1533 705 1582 740 ut
1621 714 1726 741 eum
1764 704 1968 741 tenerent

318 773 364 813 in
397 773 721 826 compedibus;
766 786 849 814 nec
881 773 1059 814 admitti
1092 777 1268 827 poterat
1299 773 1515 827 quislibet
1547 776 1800 814 extraneus.
1863 774 1966 825 Quo

318 846 437 886 sacto
486 845 679 885 Hericus
725 846 943 886 omnibus
989 846 1232 886 destitutus
1279 849 1321 886 et
1361 850 1472 886 tunc
1512 846 1711 886 maxime
1757 845 1849 886 uite
1888 859 1967 886 sue

318 917 498 957 diffisus
544 916 679 957 uertit
725 930 771 957 se
819 919 875 958 ad
922 919 1087 959 callida
1134 922 1416 970 argumenta.
1502 918 1621 958 Nam
1667 922 1874 970 egrotum
1920 931 1967 959 se

318 989 565 1030 simulabat
596 993 650 1041 et,
697 1003 752 1029 ne
787 991 1117 1031 Cununchelde
1148 990 1482 1043 transferretur,
1526 991 1680 1044 palam
1722 1004 1815 1031 non
1853 990 1968 1031 bibit

318 1074 401 1102 nec
446 1061 758 1102 manducauit.
822 1063 1030 1103 Preterea
1078 1062 1302 1103 nuncium
1348 1063 1395 1103 in
1444 1063 1641 1104 Daniam
1689 1063 1746 1103 ad
1792 1062 1967 1104 amicos

318 1147 425 1174 suos
465 1132 590 1173 misit
625 1145 805 1186 rogans,
853 1138 914 1187 ut,
961 1135 997 1175 si
1040 1135 1209 1175 uellent
1240 1136 1461 1176 memorie
1493 1136 1832 1187 commendare,
1879 1148 1967 1188 que

317 1211 358 1246 et
411 1210 583 1259 quanta
639 1207 703 1247 eis
750 1207 871 1247 bona
918 1207 1205 1259 contulisset,
1266 1208 1407 1248 cicius
1455 1207 1700 1248 liberarent
1752 1221 1856 1248 eum
1911 1208 1966 1248 de

317 1278 503 1319 instanti
542 1282 702 1330 morte,
749 1280 855 1320 dato
895 1283 1100 1333 tempore
1143 1284 1184 1320 et
1221 1280 1430 1320 termino.
1504 1281 1634 1321 Vnde
1676 1280 1846 1320 factum
1888 1284 1966 1332 est,

318 1355 365 1390 ut
398 1364 448 1391 ea
481 1350 560 1403 die,
594 1364 683 1404 qua
716 1351 940 1392 indictum
974 1356 1081 1404 erat,
1115 1366 1207 1393 una
1239 1353 1348 1393 naui
1381 1352 1610 1402 uenirent;
1657 1352 1966 1406 Hericumque

316 1422 618 1475 imponentes,
665 1424 933 1464 custodibus
972 1424 1208 1465 inebriatis
1247 1430 1288 1466 et
1326 1425 1678 1475 dormientibus,
1724 1437 1830 1465 cum
1870 1425 1966 1465 sola

316 1495 471 1548 regina
504 1499 546 1535 et
577 1495 850 1550 pedissequa
884 1497 1097 1538 Scaniam
1130 1498 1373 1550 fugierunt.

402 1616 493 1656 XV.
556 1575 644 1653 At
663 1614 944 1667 Scanienses‚
970 1617 1185 1669 quamuis
1211 1616 1251 1657 ei
1274 1616 1400 1669 prius
1425 1616 1648 1657 auxilium
1671 1620 1966 1669 negauerunt,

318 1701 442 1728 nunc
473 1688 710 1728 communi
742 1687 948 1740 consilio,
987 1689 1117 1742 quasi
1151 1689 1408 1742 penitencia
1441 1689 1579 1741 ducti,
1613 1702 1774 1729 omnes
1807 1689 1966 1729 unani-

317 1760 449 1800 miter
481 1765 780 1813 susceperunt
813 1773 930 1811 eum,
978 1761 1179 1802 dicentes
1216 1775 1263 1802 se
1295 1762 1412 1802 uelle
1445 1761 1602 1802 uiuere
1635 1766 1677 1802 et
1708 1761 1825 1802 mori
1859 1774 1963 1802 cum

317 1846 383 1884 eo,
416 1834 582 1874 Ascero
614 1837 724 1873 tunc
755 1833 1101 1886 archiepiscopo
1133 1834 1363 1875 existente.
1416 1835 1503 1874 Iste
1535 1835 1712 1887 primus
1746 1833 1965 1887 archiepi-

317 1918 484 1958 scopus
522 1906 568 1946 in
610 1906 756 1946 Dania
799 1910 841 1946 et
878 1906 925 1946 in
967 1907 1163 1948 Swethia
1203 1911 1244 1948 et
1282 1907 1328 1947 in
1370 1907 1606 1958 Norwegia
1649 1907 1804 1957 extitit,
1850 1892 1965 1961 <uir>

317 1990 420 2018 acer
445 1982 486 2018 et
510 1991 708 2025 amarus,
742 1980 766 2029 *Γ
791 1983 833 2019 et
861 1979 1042 2032 sapiens
1068 1983 1110 2020 et
1133 1979 1304 2020 nullius
1330 1979 1605 2020 constancie.
1656 1979 1741 2020 Hic
1765 1979 1812 2019 in
1839 1983 1965 2020 tanta

318 2050 666 2102 perturbacione
693 2051 818 2102 regni
844 2065 889 2091 se
915 2065 1100 2092 murum
1127 2065 1209 2105 pro
1235 2052 1374 2092 domo
1394 2052 1532 2092 Israel
1564 2065 1657 2092 non
1689 2051 1970 2105 opponebat,

318 2123 410 2176 sed,
457 2136 733 2177 quocunque
767 2137 877 2164 aura
910 2124 1064 2176 flabat,
1107 2129 1155 2164 ut
1193 2125 1372 2164 arundo
1407 2127 1542 2164 uento
1581 2124 1746 2176 agitata
1777 2124 1887 2164 illuc
1918 2137 1964 2164 se

318 2195 533 2236 uertebat.
598 2196 662 2236 Eo
702 2200 906 2249 tempore
946 2197 1078 2236 Lund
1118 2210 1251 2237 muro
1292 2200 1333 2237 et
1374 2197 1497 2237 uallo
1538 2197 1665 2237 iussu
1708 2196 1858 2237 Herici
1900 2200 1965 2237 est

317 2267 612 2308 circumdata.
676 2268 926 2309 Nicholaus
969 2269 1139 2309 interea
1180 2269 1525 2322 expedicionem
1563 2268 1693 2309 terris
1732 2268 1818 2309 sibi
1862 2269 1965 2309 sub-

407 2382 437 2417 1.
472 2381 616 2427 pulcre
648 2381 683 2417 Ο
759 2382 944 2418 occuluit
975 2382 1126 2418 addidi.
1201 2383 1234 2418 4.
1268 2383 1309 2418 in
1343 2383 1471 2419 corde
1503 2386 1543 2418 et
1573 2383 1701 2419 corde
1733 2382 1862 2428 loqui,
1892 2381 1965 2428 cfr.

315 2438 463 2474 Psalm.
493 2439 552 2483 11,
575 2438 598 2474 3
630 2439 684 2482 (in
719 2439 845 2474 corde
878 2442 917 2474 et
948 2450 1020 2475 ore
1052 2440 1159 2475 male
1192 2439 1471 2486 Westphalen).
1534 2440 1568 2475 8.
1601 2440 1779 2475 maxime
1811 2450 1889 2476 om.
1924 2439 1964 2475 S.

318 2496 351 2531 9.
400 2495 563 2532 diffisus
610 2507 710 2531 corr.
760 2507 808 2531 ex
853 2497 1030 2532 diffusus
1073 2498 1117 2532 K.
1200 2497 1258 2533 10.
1306 2497 1654 2533 transferreretur
1701 2496 1816 2541 Kos,
1863 2507 1962 2532 corr.

325 2552 576 2598 Weslplmlen
651 2563 731 2588 non
768 2554 859 2598 KO;
894 2565 969 2590 nec
995 2555 1032 2590 S.
1100 2554 1158 2591 13.
1193 2554 1301 2590 bona
1335 2555 1393 2590 eis
1428 2555 1466 2591 S.
1533 2555 1591 2590 15.
1625 2565 1671 2590 ea
1704 2554 1771 2589 die
1801 2553 1963 2600 scripsi3

317 2610 458 2645 cadem
489 2610 592 2645 KOS
626 2612 719 2656 <quo
750 2613 910 2646 seruato
942 2611 1156 2656 Lanyebelc
1183 2613 1309 2657 paulo
1338 2614 1431 2657 post
1462 2623 1543 2647 una
1578 2612 1683 2647 mole
1713 2611 1889 2646 mutauit
1921 2610 1960 2647 ἰη

318 2667 436 2709 hora)
514 2667 716 2702 indictum
752 2667 845 2710 KO3
885 2668 1040 2703 dictum
1077 2669 1114 2705 S.
1194 2669 1255 2704 17.
1289 2669 1479 2704 Scaniam
1513 2669 1568 2713 03
1613 2668 1875 2704 Scanianiam
1911 2668 1962 2713 K;

317 2724 356 2759 in
391 2724 582 2759 Scaniam
618 2725 644 2759 S
721 2725 931 2770 fugierunt
964 2726 1087 2770 KOS;
1127 2726 1322 2772 fugerunt
1360 2725 1622 2771 Westphalen.

403 2793 506 2837 Cap.
554 2793 640 2828 XV.
718 2794 781 2829 20.
831 2805 875 2829 se
923 2794 1028 2829 mori
1075 2798 1114 2830 et
1160 2796 1299 2831 vivere
1338 2794 1442 2830 velle
1485 2794 1523 2830 S.
1601 2794 1664 2829 22.
1705 2793 1771 2829 uir
1812 2793 1961 2830 addidi.

317 2851 380 2886 23.
428 2854 465 2885 ct
512 2850 679 2896 sapiens
727 2853 861 2896 operte
898 2851 1050 2896 falsum
1099 2855 1171 2897 eslg
1217 2853 1289 2887 aut
1320 2852 1507 2898 {paciens
1554 2852 1626 2886 aut
1673 2862 1748 2886 nec
1794 2851 1962 2896 sapiens

316 2907 459 2943 scribd.
495 2907 570 2942 vid.
647 2911 684 2942 et
719 2908 809 2953 KO,
843 2908 912 2943 sed
949 2908 975 2943 S
1008 2910 1190 2955 (sapiens
1223 2909 1422 2953 retinens).
1496 2909 1559 2944 24.
1593 2919 1759 2943 murum
1780 2918 1964 2954 ..oppo-

318 2965 452 3007 nebat,
498 2964 568 3010 cfr.
620 2964 798 3000 Ezechiel
841 2965 903 3005 13,
923 2966 956 3001 5.
1036 2966 1163 3002 Israel
1205 2967 1253 3011 S;
1300 2967 1380 3002 isr}
1422 2966 1477 3009 03
1524 2965 1625 3000 irael
1666 2966 1709 3000 K.
1786 2965 1848 3000 25.
1889 2964 1960 3000 sed

314 3023 373 3063 (εξ)
407 3022 496 3065 08;
537 3022 568 3057 si
606 3023 649 3057 K.
728 3022 890 3057 arundo
926 3026 1049 3058 uento
1083 3024 1244 3069 agitata,
1290 3023 1359 3068 cfr.
1394 3022 1532 3059 Matth.
1571 3021 1630 3066 11,
1650 3021 1685 3057 7.
1754 3022 1818 3059 26.
1854 3022 1960 3057 Lun-

316 3079 381 3114 ‹lia
416 3080 454 3114 S.
518 3079 581 3114 27.
616 3080 683 3114 liic
715 3082 808 3115 (mle
842 3079 971 3115 Nicol.
1004 3080 1175 3115 deletum
1210 3081 1250 3115 in
1285 3080 1331 3116 O.
